1623 2444
521 36 607 72 Al)
649 35 770 72 HEL
785 34 939 71 VJAM
1313 34 1357 70 81

92 145 213 197 quasi
243 150 421 184 naturae
449 144 582 196 legem
613 144 776 196 aspicis,
808 157 859 182 ex
889 157 973 194 quo
1002 148 1172 195 pectore
1201 148 1363 182 metum

92 212 241 251 mortis
260 211 439 258 eieceris,
460 211 503 250 in
522 211 565 250 id
585 211 739 250 nullius
758 211 815 249 rei
835 210 962 250 timor
982 210 1156 249 audebit
1177 210 1334 249 intrare
1355 223 1362 256 ;

93 279 127 319 si
142 279 316 331 cogitas,
328 278 546 317 libidinem
558 291 642 317 non
652 277 888 330 uoluptatis
903 291 1030 317 causa
1045 277 1202 316 homini
1216 278 1362 316 datam
1385 287 1405 322 3

93 346 168 385 sed
206 346 469 398 propagandi
510 345 683 397 generis,
726 358 852 396 quem
895 358 978 383 non
1020 344 1242 383 uiolauerit
1284 345 1362 383 hoc

57 425 74 457 5
95 416 302 452 secretum
333 416 375 452 et
405 412 584 451 infixum
614 411 843 451 uisceribus
873 411 973 463 ipsis
1004 411 1194 457 exitium,
1227 411 1362 450 omnis

96 479 178 519 alia
227 479 438 531 cupiditas
486 479 697 518 intactum
747 478 1006 530 praeteribit.
1066 491 1150 517 non
1200 478 1363 529 singula

94 545 202 586 uitia
218 546 326 586 ratio
344 546 417 585 sed
434 546 592 598 pariter
609 546 751 584 omnia
768 545 996 597 prosternit
1017 557 1024 583 :
1059 545 1101 584 in
1118 545 1362 584 uniuersum

95 613 222 652 semel
269 613 482 652 uincitur.'
556 612 784 664 ignominia
832 617 879 651 tu
927 617 1054 664 putas
1104 625 1362 663 quemquam
1385 636 1407 669 4

95 680 330 732 sapientem
363 680 523 719 moueri
557 693 690 731 posse,
726 679 798 730 qui
833 680 975 718 omnia
1008 679 1050 718 in
1085 693 1127 718 se
1162 679 1361 731 reposuit,

40 767 78 789 10
95 747 168 800 qui
193 747 246 786 ab
271 747 539 798 opinionibus
562 746 674 798 uolgi
698 746 867 786 secessit
887 746 902 785 ?
962 746 1057 798 plus
1081 746 1210 785 etiam
1234 759 1363 798 quam

96 814 326 866 ignominia
366 818 429 853 est
469 826 582 853 mors
622 813 926 865 ignominiosa:
985 813 1178 852 Socrates
1219 818 1363 853 tamen

96 881 243 920 eodem
258 881 328 919 illo
344 881 478 927 uoltu,
496 894 580 932 quo
596 880 772 932 triginta
786 884 991 932 tyrannos
1007 880 1119 919 solus
1135 880 1363 931 aliquando

96 948 139 987 in
167 948 357 988 ordinem
387 948 615 999 redegerat,
647 960 854 987 carcerem
883 947 1060 986 intrauit
1090 947 1363 999 ignominiam

96 1014 175 1066 ipsi
213 1015 304 1054 loco
343 1015 610 1054 detracturus
630 1027 638 1061 ;
694 1028 829 1066 neque
867 1014 979 1053 enim
1016 1018 1186 1066 poterat
1225 1027 1364 1054 carcer

41 1096 76 1130 15
96 1081 229 1121 uideri
257 1082 300 1121 in
328 1095 412 1133 quo
441 1082 634 1121 Socrates
663 1085 766 1120 erat.
825 1081 918 1132 quis
946 1094 1080 1132 usque
1108 1094 1156 1120 eo
1186 1082 1239 1120 ad
1268 1095 1364 1121 con·
1387 1102 1405 1140 5

97 1148 356 1200 spiciendam
382 1149 607 1188 ueritatem
634 1152 884 1188 excaecatus
911 1152 986 1195 est,
1016 1153 1063 1187 ut
1090 1148 1363 1199 ignominiam

96 1219 219 1267 putet
263 1215 392 1255 Marci
435 1216 607 1255 Catonis
650 1216 776 1254 fuisse
819 1215 1030 1267 duplicem
1072 1215 1115 1254 in
1159 1216 1363 1267 petitione

96 1286 320 1334 praeturae
358 1286 400 1322 et
439 1283 682 1322 consulatus
721 1282 965 1334 repulsam?
1027 1282 1257 1333 ignominia
1295 1283 1365 1321 illa

97 1353 320 1401 praeturae
343 1354 385 1388 et
409 1350 653 1388 consulatus
676 1349 770 1396 fuit,
796 1349 950 1400 quibus
974 1362 1024 1387 ex
1048 1349 1208 1388 Catone
1232 1350 1365 1388 honor

38 1430 79 1452 20
98 1416 347 1455 habebatur.
407 1429 529 1455 nemo
553 1417 606 1455 ab
629 1416 709 1455 alio
731 1416 1029 1462 contemnitur,
1054 1416 1132 1455 nisi
1155 1430 1180 1455 a
1200 1429 1243 1455 se
1265 1421 1364 1455 ante
1386 1421 1406 1456 6

98 1488 369 1535 contemptus
392 1488 468 1522 est.
528 1483 697 1522 humilis
720 1488 761 1522 et
785 1483 997 1534 proiectus
1020 1483 1185 1522 animus
1209 1488 1272 1522 est
1295 1483 1364 1522 isti

98 1550 378 1589 contumeliae
408 1554 701 1602 opportunus;
748 1550 820 1601 qui
851 1562 951 1589 uero
982 1550 1183 1589 aduersus
1212 1550 1366 1589 saeuis-

98 1617 225 1656 simos
251 1630 371 1656 casus
397 1630 440 1656 se
465 1617 630 1656 extollit
657 1621 699 1655 et
726 1630 774 1655 ea
799 1617 924 1662 mala,
952 1616 1106 1668 quibus
1133 1617 1201 1655 alii
1227 1617 1366 1668 oppri-

97 1688 286 1731 muntur,
312 1684 478 1730 euertit,
504 1683 617 1736 ipsas
640 1683 828 1722 miserias
852 1683 1081 1722 infularum
1105 1684 1196 1722 loco
1221 1684 1364 1730 habet,

40 1766 79 1800 25
99 1751 270 1802 quando
306 1751 368 1789 ita
404 1751 559 1789 adfecti
589 1764 746 1797 sumus,
785 1754 832 1789 ut
870 1750 973 1789 nihil
1003 1763 1135 1801 aeque
1166 1764 1366 1802 magnam

100 1821 204 1869 aput
232 1829 308 1857 nos
335 1817 659 1856 admirationem
685 1820 862 1868 occupet
890 1830 1020 1867 quam
1047 1817 1173 1856 homo
1201 1818 1367 1856 fortiter

99 1883 235 1924 miser.
295 1884 530 1923 ducebatur
561 1884 740 1923 Athenis
774 1884 828 1923 ad
860 1883 1114 1935 supplicium
1146 1884 1365 1931 Aristides,
1391 1900 1408 1935 7

99 1950 165 1989 cui
196 1950 386 2002 quisquis
415 1955 653 1991 occurrerat
683 1950 890 1990 deiciebat
921 1950 1063 1989 oculos
1093 1955 1134 1989 et
1164 1951 1367 2002 ingemes-

100 2017 236 2063 cebat,
254 2030 338 2056 non
354 2021 576 2069 tamquam
592 2018 635 2056 in
650 2017 864 2056 hominem
879 2017 1040 2056 iustum
1055 2018 1129 2056 sed
1144 2022 1367 2069 tamquam

42 2104 83 2136 30
100 2083 143 2123 in
176 2083 311 2136 ipsam
344 2084 551 2123 iustitiam
585 2084 1020 2130 animaduerteretur;
1071 2084 1270 2124 inuentus
1303 2090 1365 2124 est

215 2173 234 2201 8
258 2169 375 2202 uincit
391 2170 481 2211 κοῖς.
575 2174 613 2201 21
638 2170 782 2201 animus
801 2173 857 2201 est
873 2170 982 2206 Gertz,
1002 2169 1148 2201 animus
1165 2170 1213 2201 sit
1231 2170 1259 2200 Α

205 2247 245 2271 D.
266 2246 299 2272 5.
1244 2241 1268 2273 6
