<?xml version="1.0" encoding="UTF-8"?>
<!DOCTYPE html PUBLIC "-//W3C//DTD XHTML 1.0 Transitional//EN"
    "http://www.w3.org/TR/xhtml1/DTD/xhtml1-transitional.dtd">
<html xmlns="http://www.w3.org/1999/xhtml" xml:lang="en" lang="en">
 <head>
  <title>
</title>
<meta http-equiv="Content-Type" content="text/html;charset=utf-8" />
  <meta name='ocr-system' content='tesseract 3.04.00' />
  <meta name='ocr-capabilities' content='ocr_page ocr_carea ocr_par ocr_line ocrx_word'/>
</head>
<body>
  <div class='ocr_page' id='page_1' title='image "./dialogorumliberx00seneuoft_0120.png"; bbox 0 0 1623 2444; ppageno 0'>
   <div class='ocr_carea' id='block_1_1' title="bbox 218 70 966 118">
    <p class='ocr_par' dir='ltr' id='par_1_1' title="bbox 218 70 966 118">
     <span class='ocr_line' id='line_1_1' title="bbox 218 70 966 118; baseline -0.001 -11"><span class='ocrx_word' id='word_1_1' title='bbox 218 82 265 118; x_wconf 87' lang='lat'>52</span> <span class='ocrx_word' id='word_1_2' title='bbox 727 70 966 108; x_wconf 82' lang='lat' dir='ltr'><em>SENECA</em></span> 
     </span>
    </p>
   </div>
   <div class='ocr_carea' id='block_1_2' title="bbox 178 179 1548 1370">
    <p class='ocr_par' dir='ltr' id='par_1_2' title="bbox 217 179 1483 365">
     <span class='ocr_line' id='line_1_2' title="bbox 217 179 1480 231; baseline -0.001 -12"><span class='ocrx_word' id='word_1_3' title='bbox 217 180 336 219; x_wconf 88' lang='lat' dir='ltr'>Pauli</span> <span class='ocrx_word' id='word_1_4' title='bbox 376 180 639 231; x_wconf 88' lang='lat' dir='ltr'>triumphum</span> <span class='ocrx_word' id='word_1_5' title='bbox 679 179 950 225; x_wconf 79' lang='lat' dir='ltr'>concidentis,</span> <span class='ocrx_word' id='word_1_6' title='bbox 991 179 1177 219; x_wconf 88' lang='lat' dir='ltr'>subitam</span> <span class='ocrx_word' id='word_1_7' title='bbox 1217 179 1480 224; x_wconf 90' lang='lat' dir='ltr'>uastitatem,</span> 
     </span>
     <span class='ocr_line' id='line_1_3' title="bbox 217 246 1483 298; baseline -0.002 -12"><span class='ocrx_word' id='word_1_8' title='bbox 217 252 378 298; x_wconf 88' lang='lat' dir='ltr'>quanto</span> <span class='ocrx_word' id='word_1_9' title='bbox 397 247 544 286; x_wconf 92' lang='lat' dir='ltr'>debuit</span> <span class='ocrx_word' id='word_1_10' title='bbox 562 247 668 285; x_wconf 79' lang='lat' dir='ltr'>ferre</span> <span class='ocrx_word' id='word_1_11' title='bbox 685 247 750 285; x_wconf 90' lang='lat' dir='ltr'>uir</span> <span class='ocrx_word' id='word_1_12' title='bbox 767 246 809 285; x_wconf 91' lang='lat' dir='ltr'>in</span> <span class='ocrx_word' id='word_1_13' title='bbox 827 247 906 286; x_wconf 92' lang='lat' dir='ltr'>hoc</span> <span class='ocrx_word' id='word_1_14' title='bbox 924 250 1062 292; x_wconf 89' lang='lat' dir='ltr'>natus,</span> <span class='ocrx_word' id='word_1_15' title='bbox 1083 259 1134 285; x_wconf 90' lang='lat' dir='ltr'>ne</span> <span class='ocrx_word' id='word_1_16' title='bbox 1152 246 1245 285; x_wconf 86' lang='lat' dir='ltr'>urbi</span> <span class='ocrx_word' id='word_1_17' title='bbox 1264 247 1483 285; x_wconf 80' lang='lat' dir='ltr'>Romanae</span> 
     </span>
     <span class='ocr_line' id='line_1_4' title="bbox 218 314 1264 365; baseline -0.001 -12"><span class='ocrx_word' id='word_1_18' title='bbox 218 318 291 353; x_wconf 90' lang='lat' dir='ltr'>aut</span> <span class='ocrx_word' id='word_1_19' title='bbox 318 314 455 365; x_wconf 80' lang='lat' dir='ltr'>Scipio</span> <span class='ocrx_word' id='word_1_20' title='bbox 482 314 642 352; x_wconf 78' lang='lat' dir='ltr'>deesset</span> <span class='ocrx_word' id='word_1_21' title='bbox 670 318 743 352; x_wconf 90' lang='lat' dir='ltr'>aut</span> <span class='ocrx_word' id='word_1_22' title='bbox 771 314 992 364; x_wconf 80' lang='lat' dir='ltr'>Karthago</span> <span class='ocrx_word' id='word_1_23' title='bbox 1017 318 1264 364; x_wconf 83' lang='lat' dir='ltr'>superesset.</span> 
     </span>
    </p>

    <p class='ocr_par' dir='ltr' id='par_1_3' title="bbox 178 380 1548 1036">
     <span class='ocr_line' id='line_1_5' title="bbox 178 380 1483 434; baseline -0.002 -13"><span class='ocrx_word' id='word_1_24' title='bbox 178 397 193 420; x_wconf 94' lang='lat'>1</span> <span class='ocrx_word' id='word_1_25' title='bbox 302 387 376 434; x_wconf 87' lang='lat'>15.</span> <span class='ocrx_word' id='word_1_26' title='bbox 421 380 550 431; x_wconf 75' lang='lat' dir='ltr'>‘Quid</span> <span class='ocrx_word' id='word_1_27' title='bbox 563 381 739 419; x_wconf 84' lang='lat' dir='ltr'>referam</span> <span class='ocrx_word' id='word_1_28' title='bbox 753 380 932 419; x_wconf 91' lang='lat' dir='ltr'>duorum</span> <span class='ocrx_word' id='word_1_29' title='bbox 947 380 1215 419; x_wconf 84' lang='lat' dir='ltr'>Lucullorum</span> <span class='ocrx_word' id='word_1_30' title='bbox 1229 380 1483 431; x_wconf 86' lang='lat' dir='ltr'>diremptam</span> 
     </span>
     <span class='ocr_line' id='line_1_6' title="bbox 217 447 1522 498; baseline -0.001 -12"><span class='ocrx_word' id='word_1_31' title='bbox 217 452 352 486; x_wconf 91' lang='lat' dir='ltr'>morte</span> <span class='ocrx_word' id='word_1_32' title='bbox 378 447 645 486; x_wconf 81' lang='lat' dir='ltr'>concordiam</span> <span class='ocrx_word' id='word_1_33' title='bbox 666 448 680 486; x_wconf 82' lang='lat'>?</span> <span class='ocrx_word' id='word_1_34' title='bbox 741 447 844 498; x_wconf 87' lang='lat' dir='ltr'>quid</span> <span class='ocrx_word' id='word_1_35' title='bbox 867 447 1089 498; x_wconf 86' lang='lat' dir='ltr'>Pompeios</span> <span class='ocrx_word' id='word_1_36' title='bbox 1108 448 1122 486; x_wconf 70' lang='grc' dir='ltr'>Ρ</span> <span class='ocrx_word' id='word_1_37' title='bbox 1163 447 1318 498; x_wconf 87' lang='lat' dir='ltr'>quibus</span> <span class='ocrx_word' id='word_1_38' title='bbox 1335 460 1386 485; x_wconf 84' lang='lat' dir='ltr'>ne</span> <span class='ocrx_word' id='word_1_39' title='bbox 1406 447 1484 485; x_wconf 87' lang='lat' dir='ltr'>hoc</span> <span class='ocrx_word' id='word_1_40' title='bbox 1506 457 1522 490; x_wconf 87' lang='lat'>5</span> 
     </span>
     <span class='ocr_line' id='line_1_7' title="bbox 217 514 1484 566; baseline -0.001 -13"><span class='ocrx_word' id='word_1_41' title='bbox 217 515 388 566; x_wconf 88' lang='lat' dir='ltr'>quidem</span> <span class='ocrx_word' id='word_1_42' title='bbox 419 515 608 553; x_wconf 89' lang='lat' dir='ltr'>saeuiens</span> <span class='ocrx_word' id='word_1_43' title='bbox 639 514 805 565; x_wconf 90' lang='lat' dir='ltr'>reliquit</span> <span class='ocrx_word' id='word_1_44' title='bbox 834 515 1036 560; x_wconf 85' lang='lat' dir='ltr'>Fortuna,</span> <span class='ocrx_word' id='word_1_45' title='bbox 1062 518 1111 552; x_wconf 93' lang='lat' dir='ltr'>ut</span> <span class='ocrx_word' id='word_1_46' title='bbox 1138 527 1224 553; x_wconf 88' lang='lat' dir='ltr'>una</span> <span class='ocrx_word' id='word_1_47' title='bbox 1253 514 1484 564; x_wconf 90' lang='lat' dir='ltr'>eademque</span> 
     </span>
     <span class='ocr_line' id='line_1_8' title="bbox 218 580 1484 632; baseline -0.001 -12"><span class='ocrx_word' id='word_1_48' title='bbox 218 581 485 621; x_wconf 88' lang='lat' dir='ltr'>conciderent</span> <span class='ocrx_word' id='word_1_49' title='bbox 518 581 651 620; x_wconf 88' lang='lat' dir='ltr'>ruina.</span> <span class='ocrx_word' id='word_1_50' title='bbox 716 581 824 620; x_wconf 84' lang='lat' dir='ltr'>uixit</span> <span class='ocrx_word' id='word_1_51' title='bbox 857 581 1011 620; x_wconf 82' lang='lat' dir='ltr'>Sextus</span> <span class='ocrx_word' id='word_1_52' title='bbox 1043 581 1269 632; x_wconf 89' lang='lat' dir='ltr'>Pompeius</span> <span class='ocrx_word' id='word_1_53' title='bbox 1300 580 1484 632; x_wconf 89' lang='lat' dir='ltr'>primum</span> 
     </span>
     <span class='ocr_line' id='line_1_9' title="bbox 219 646 1486 700; baseline -0.002 -12"><span class='ocrx_word' id='word_1_54' title='bbox 219 649 347 688; x_wconf 91' lang='lat' dir='ltr'>sorori</span> <span class='ocrx_word' id='word_1_55' title='bbox 395 652 618 700; x_wconf 89' lang='lat' dir='ltr'>superstes,</span> <span class='ocrx_word' id='word_1_56' title='bbox 669 648 786 687; x_wconf 90' lang='lat' dir='ltr'>cuius</span> <span class='ocrx_word' id='word_1_57' title='bbox 833 651 969 687; x_wconf 90' lang='lat' dir='ltr'>morte</span> <span class='ocrx_word' id='word_1_58' title='bbox 1016 647 1176 699; x_wconf 88' lang='lat' dir='ltr'>optime</span> <span class='ocrx_word' id='word_1_59' title='bbox 1223 646 1486 687; x_wconf 90' lang='lat' dir='ltr'>cohaerentis</span> 
     </span>
     <span class='ocr_line' id='line_1_10' title="bbox 220 714 1486 767; baseline -0.001 -12"><span class='ocrx_word' id='word_1_60' title='bbox 220 717 438 755; x_wconf 84' lang='lat' dir='ltr'>Romanae</span> <span class='ocrx_word' id='word_1_61' title='bbox 466 715 582 767; x_wconf 87' lang='lat' dir='ltr'>pacis</span> <span class='ocrx_word' id='word_1_62' title='bbox 610 715 780 754; x_wconf 90' lang='lat' dir='ltr'>uincula</span> <span class='ocrx_word' id='word_1_63' title='bbox 808 715 993 754; x_wconf 91' lang='lat' dir='ltr'>resoluta</span> <span class='ocrx_word' id='word_1_64' title='bbox 1021 719 1148 761; x_wconf 88' lang='lat' dir='ltr'>sunt;</span> <span class='ocrx_word' id='word_1_65' title='bbox 1195 715 1391 766; x_wconf 88' lang='lat' dir='ltr'>idemque</span> <span class='ocrx_word' id='word_1_66' title='bbox 1419 714 1486 754; x_wconf 86' lang='lat' dir='ltr'>hic</span> 
     </span>
     <span class='ocr_line' id='line_1_11' title="bbox 218 781 1548 855; baseline -0.002 -33"><span class='ocrx_word' id='word_1_67' title='bbox 218 783 326 822; x_wconf 85' lang='lat' dir='ltr'>uixit</span> <span class='ocrx_word' id='word_1_68' title='bbox 357 787 571 855; x_wconf 91' lang='lat' dir='ltr'>superstes</span> <span class='ocrx_word' id='word_1_69' title='bbox 604 782 766 833; x_wconf 91' lang='lat' dir='ltr'>optimo</span> <span class='ocrx_word' id='word_1_70' title='bbox 799 782 932 828; x_wconf 79' lang='lat' dir='ltr'>fratri,</span> <span class='ocrx_word' id='word_1_71' title='bbox 968 795 1094 833; x_wconf 89' lang='lat' dir='ltr'>quem</span> <span class='ocrx_word' id='word_1_72' title='bbox 1128 781 1300 820; x_wconf 76' lang='lat' dir='ltr'>fortuna</span> <span class='ocrx_word' id='word_1_73' title='bbox 1331 781 1375 820; x_wconf 89' lang='lat' dir='ltr'>in</span> <span class='ocrx_word' id='word_1_74' title='bbox 1408 781 1486 819; x_wconf 82' lang='lat' dir='ltr'>hoc</span> <span class='ocrx_word' id='word_1_75' title='bbox 1509 793 1548 815; x_wconf 92' lang='lat'>10</span> 
     </span>
     <span class='ocr_line' id='line_1_12' title="bbox 219 834 1486 900; baseline -0.002 -12"><span class='ocrx_word' id='word_1_76' title='bbox 219 834 430 896; x_wconf 78' lang='lat' dir='ltr'>euexerat‚</span> <span class='ocrx_word' id='word_1_77' title='bbox 463 863 513 888; x_wconf 88' lang='lat' dir='ltr'>ne</span> <span class='ocrx_word' id='word_1_78' title='bbox 543 849 682 888; x_wconf 89' lang='lat' dir='ltr'>minus</span> <span class='ocrx_word' id='word_1_79' title='bbox 713 849 797 888; x_wconf 88' lang='lat' dir='ltr'>alte</span> <span class='ocrx_word' id='word_1_80' title='bbox 827 862 923 888; x_wconf 90' lang='lat' dir='ltr'>eum</span> <span class='ocrx_word' id='word_1_81' title='bbox 953 849 1133 887; x_wconf 93' lang='lat' dir='ltr'>deiceret</span> <span class='ocrx_word' id='word_1_82' title='bbox 1164 861 1292 899; x_wconf 91' lang='lat' dir='ltr'>quam</span> <span class='ocrx_word' id='word_1_83' title='bbox 1319 852 1486 900; x_wconf 87' lang='lat' dir='ltr'>patrem</span> 
     </span>
     <span class='ocr_line' id='line_1_13' title="bbox 220 915 1486 967; baseline -0.002 -12"><span class='ocrx_word' id='word_1_84' title='bbox 220 917 455 963; x_wconf 85' lang='lat' dir='ltr'>deiece1·;at</span> <span class='ocrx_word' id='word_1_85' title='bbox 502 920 544 955; x_wconf 93' lang='lat' dir='ltr'>et</span> <span class='ocrx_word' id='word_1_86' title='bbox 574 920 669 967; x_wconf 91' lang='lat' dir='ltr'>post</span> <span class='ocrx_word' id='word_1_87' title='bbox 696 917 807 954; x_wconf 89' lang='lat' dir='ltr'>hunc</span> <span class='ocrx_word' id='word_1_88' title='bbox 837 920 980 955; x_wconf 91' lang='lat' dir='ltr'>tamen</span> <span class='ocrx_word' id='word_1_89' title='bbox 1006 928 1150 954; x_wconf 90' lang='lat' dir='ltr'>casum</span> <span class='ocrx_word' id='word_1_90' title='bbox 1180 915 1334 954; x_wconf 83' lang='lat' dir='ltr'>Sextus</span> <span class='ocrx_word' id='word_1_91' title='bbox 1363 916 1486 953; x_wconf 92' lang='lat' dir='ltr'>Pom-</span> 
     </span>
     <span class='ocr_line' id='line_1_14' title="bbox 220 981 1484 1036; baseline -0.002 -13"><span class='ocrx_word' id='word_1_92' title='bbox 220 984 337 1036; x_wconf 88' lang='lat' dir='ltr'>peius</span> <span class='ocrx_word' id='word_1_93' title='bbox 376 997 460 1022; x_wconf 92' lang='lat' dir='ltr'>non</span> <span class='ocrx_word' id='word_1_94' title='bbox 499 987 669 1022; x_wconf 85' lang='lat' dir='ltr'>tantum</span> <span class='ocrx_word' id='word_1_95' title='bbox 709 982 841 1021; x_wconf 92' lang='lat' dir='ltr'>dolori</span> <span class='ocrx_word' id='word_1_96' title='bbox 880 983 953 1021; x_wconf 90' lang='lat' dir='ltr'>sed</span> <span class='ocrx_word' id='word_1_97' title='bbox 991 982 1120 1021; x_wconf 90' lang='lat' dir='ltr'>etiam</span> <span class='ocrx_word' id='word_1_98' title='bbox 1158 982 1267 1021; x_wconf 91' lang='lat' dir='ltr'>bello</span> <span class='ocrx_word' id='word_1_99' title='bbox 1306 981 1484 1021; x_wconf 79' lang='lat' dir='ltr'>suffecit.</span> 
     </span>
    </p>

    <p class='ocr_par' dir='ltr' id='par_1_4' title="bbox 182 1049 1548 1370">
     <span class='ocr_line' id='line_1_15' title="bbox 182 1049 1487 1101; baseline 0 -14"><span class='ocrx_word' id='word_1_100' title='bbox 182 1065 198 1087; x_wconf 90' lang='lat'><em>2</em></span> <span class='ocrx_word' id='word_1_101' title='bbox 220 1050 543 1090; x_wconf 88' lang='lat' dir='ltr'>innumerabilia</span> <span class='ocrx_word' id='word_1_102' title='bbox 576 1049 764 1100; x_wconf 88' lang='lat' dir='ltr'>undique</span> <span class='ocrx_word' id='word_1_103' title='bbox 798 1049 992 1101; x_wconf 82' lang='lat' dir='ltr'>exempla</span> <span class='ocrx_word' id='word_1_104' title='bbox 1026 1053 1317 1101; x_wconf 87' lang='lat' dir='ltr'>separatorum</span> <span class='ocrx_word' id='word_1_105' title='bbox 1351 1053 1487 1088; x_wconf 91' lang='lat' dir='ltr'>morte</span> 
     </span>
     <span class='ocr_line' id='line_1_16' title="bbox 220 1116 1548 1167; baseline -0.003 -10"><span class='ocrx_word' id='word_1_106' title='bbox 220 1118 401 1157; x_wconf 78' lang='lat' dir='ltr'>fratrum</span> <span class='ocrx_word' id='word_1_107' title='bbox 432 1121 694 1162; x_wconf 87' lang='lat' dir='ltr'>succurrunt,</span> <span class='ocrx_word' id='word_1_108' title='bbox 727 1116 857 1155; x_wconf 89' lang='lat' dir='ltr'>immo</span> <span class='ocrx_word' id='word_1_109' title='bbox 888 1120 1036 1155; x_wconf 90' lang='lat' dir='ltr'>contra</span> <span class='ocrx_word' id='word_1_110' title='bbox 1065 1116 1138 1155; x_wconf 86' lang='lat' dir='ltr'>uix</span> <span class='ocrx_word' id='word_1_111' title='bbox 1169 1116 1254 1155; x_wconf 91' lang='lat' dir='ltr'>ulla</span> <span class='ocrx_word' id='word_1_112' title='bbox 1283 1128 1488 1167; x_wconf 89' lang='lat' dir='ltr'>umquam</span> <span class='ocrx_word' id='word_1_113' title='bbox 1512 1127 1548 1160; x_wconf 85' lang='lat'>¹5</span> 
     </span>
     <span class='ocr_line' id='line_1_17' title="bbox 221 1182 1489 1236; baseline -0.002 -12"><span class='ocrx_word' id='word_1_114' title='bbox 221 1186 370 1224; x_wconf 89' lang='lat' dir='ltr'>horum</span> <span class='ocrx_word' id='word_1_115' title='bbox 406 1184 525 1236; x_wconf 87' lang='lat' dir='ltr'>paria</span> <span class='ocrx_word' id='word_1_116' title='bbox 560 1187 787 1235; x_wconf 89' lang='lat' dir='ltr'>conspecta</span> <span class='ocrx_word' id='word_1_117' title='bbox 821 1186 920 1222; x_wconf 89' lang='lat' dir='ltr'>sunt</span> <span class='ocrx_word' id='word_1_118' title='bbox 956 1197 1042 1222; x_wconf 88' lang='lat' dir='ltr'>una</span> <span class='ocrx_word' id='word_1_119' title='bbox 1076 1182 1337 1222; x_wconf 86' lang='lat' dir='ltr'>senescentia</span> <span class='ocrx_word' id='word_1_120' title='bbox 1355 1195 1364 1229; x_wconf 84' lang='lat'>;</span> <span class='ocrx_word' id='word_1_121' title='bbox 1416 1182 1489 1221; x_wconf 91' lang='lat' dir='ltr'>sed</span> 
     </span>
     <span class='ocr_line' id='line_1_18' title="bbox 221 1249 1488 1302; baseline -0.002 -11"><span class='ocrx_word' id='word_1_122' title='bbox 221 1256 447 1291; x_wconf 91' lang='lat' dir='ltr'>contentus</span> <span class='ocrx_word' id='word_1_123' title='bbox 477 1255 645 1290; x_wconf 85' lang='lat' dir='ltr'>nostrae</span> <span class='ocrx_word' id='word_1_124' title='bbox 674 1251 825 1290; x_wconf 91' lang='lat' dir='ltr'>domus</span> <span class='ocrx_word' id='word_1_125' title='bbox 854 1250 1055 1302; x_wconf 82' lang='lat' dir='ltr'>exemplis</span> <span class='ocrx_word' id='word_1_126' title='bbox 1084 1263 1165 1289; x_wconf 89' lang='lat' dir='ltr'>ero.</span> <span class='ocrx_word' id='word_1_127' title='bbox 1225 1263 1348 1289; x_wconf 92' lang='lat' dir='ltr'>nemo</span> <span class='ocrx_word' id='word_1_128' title='bbox 1377 1249 1488 1288; x_wconf 89' lang='lat' dir='ltr'>enirn</span> 
     </span>
     <span class='ocr_line' id='line_1_19' title="bbox 221 1307 1487 1370; baseline -0.002 -12"><span class='ocrx_word' id='word_1_129' title='bbox 221 1324 310 1358; x_wconf 90' lang='lat' dir='ltr'>tam</span> <span class='ocrx_word' id='word_1_130' title='bbox 337 1307 484 1370; x_wconf 73' lang='lat' dir='ltr'>expers</span> <span class='ocrx_word' id='word_1_131' title='bbox 510 1318 587 1357; x_wconf 90' lang='lat' dir='ltr'>erit</span> <span class='ocrx_word' id='word_1_132' title='bbox 613 1331 758 1357; x_wconf 88' lang='lat' dir='ltr'>sensus</span> <span class='ocrx_word' id='word_1_133' title='bbox 784 1330 832 1356; x_wconf 91' lang='lat' dir='ltr'>ac</span> <span class='ocrx_word' id='word_1_134' title='bbox 856 1317 1065 1363; x_wconf 84' lang='lat' dir='ltr'>sanitatis,</span> <span class='ocrx_word' id='word_1_135' title='bbox 1087 1321 1135 1356; x_wconf 94' lang='lat' dir='ltr'>ut</span> <span class='ocrx_word' id='word_1_136' title='bbox 1161 1317 1395 1356; x_wconf 87' lang='lat' dir='ltr'>Fortunam</span> <span class='ocrx_word' id='word_1_137' title='bbox 1415 1315 1487 1355; x_wconf 93' lang='lat' dir='ltr'>ulli</span> 
     </span>
    </p>
   </div>
   <div class='ocr_carea' id='block_1_3' title="bbox 220 1375 1616 1437">
    <p class='ocr_par' dir='ltr' id='par_1_5' title="bbox 220 1375 1616 1437">
     <span class='ocr_line' id='line_1_20' title="bbox 220 1375 1616 1437; baseline -0.003 -12"><span class='ocrx_word' id='word_1_138' title='bbox 220 1390 423 1437; x_wconf 89' lang='lat' dir='ltr'>queratur</span> <span class='ocrx_word' id='word_1_139' title='bbox 435 1385 597 1424; x_wconf 92' lang='lat' dir='ltr'>luctum</span> <span class='ocrx_word' id='word_1_140' title='bbox 611 1385 814 1430; x_wconf 89' lang='lat' dir='ltr'>intulisse,</span> <span class='ocrx_word' id='word_1_141' title='bbox 827 1397 956 1435; x_wconf 91' lang='lat' dir='ltr'>quom</span> <span class='ocrx_word' id='word_1_142' title='bbox 970 1383 1108 1423; x_wconf 83' lang='lat' dir='ltr'>scient</span> <span class='ocrx_word' id='word_1_143' title='bbox 1123 1383 1251 1423; x_wconf 91' lang='lat' dir='ltr'>etiam</span> <span class='ocrx_word' id='word_1_144' title='bbox 1264 1384 1489 1427; x_wconf 87' lang='lat' dir='ltr'>Caesarum</span> <span class='ocrx_word' id='word_1_145' title='bbox 1535 1387 1546 1391; x_wconf 78' lang='grc'>”</span> <span class='ocrx_word' id='word_1_146' title='bbox 1581 1385 1584 1392; x_wconf 91' lang='grc'><strong>’</strong></span> <span class='ocrx_word' id='word_1_147' title='bbox 1610 1375 1616 1382; x_wconf 71' lang='grc'><strong><em>’</em></strong></span> 
     </span>
    </p>
   </div>
   <div class='ocr_carea' id='block_1_4' title="bbox 178 1450 1552 2037">
    <p class='ocr_par' dir='ltr' id='par_1_6' title="bbox 178 1450 1552 2037">
     <span class='ocr_line' id='line_1_21' title="bbox 178 1450 1552 1503; baseline -0.003 -11"><span class='ocrx_word' id='word_1_148' title='bbox 178 1461 198 1496; x_wconf 84' lang='grc'>3</span> <span class='ocrx_word' id='word_1_149' title='bbox 220 1453 414 1492; x_wconf 88' lang='lat' dir='ltr'>lacrimas</span> <span class='ocrx_word' id='word_1_150' title='bbox 427 1452 682 1503; x_wconf 87' lang='lat' dir='ltr'>concupisse.</span> <span class='ocrx_word' id='word_1_151' title='bbox 743 1451 866 1490; x_wconf 86' lang='lat' dir='ltr'>diuus</span> <span class='ocrx_word' id='word_1_152' title='bbox 879 1450 1096 1502; x_wconf 83' lang='lat' dir='ltr'>Augustus</span> <span class='ocrx_word' id='word_1_153' title='bbox 1110 1450 1249 1490; x_wconf 90' lang='lat' dir='ltr'>amisit</span> <span class='ocrx_word' id='word_1_154' title='bbox 1263 1450 1489 1490; x_wconf 90' lang='lat' dir='ltr'>Octauiam</span> <span class='ocrx_word' id='word_1_155' title='bbox 1511 1464 1552 1487; x_wconf 89' lang='lat'>20</span> 
     </span>
     <span class='ocr_line' id='line_1_22' title="bbox 221 1517 1491 1569; baseline -0.002 -11"><span class='ocrx_word' id='word_1_156' title='bbox 221 1533 405 1559; x_wconf 88' lang='lat' dir='ltr'>sororem</span> <span class='ocrx_word' id='word_1_157' title='bbox 432 1519 719 1565; x_wconf 86' lang='lat' dir='ltr'>carissimam;</span> <span class='ocrx_word' id='word_1_158' title='bbox 763 1522 805 1557; x_wconf 93' lang='lat' dir='ltr'>et</span> <span class='ocrx_word' id='word_1_159' title='bbox 832 1531 883 1557; x_wconf 91' lang='lat' dir='ltr'>ne</span> <span class='ocrx_word' id='word_1_160' title='bbox 910 1518 946 1557; x_wconf 87' lang='lat' dir='ltr'>ei</span> <span class='ocrx_word' id='word_1_161' title='bbox 972 1517 1144 1569; x_wconf 88' lang='lat' dir='ltr'>quidem</span> <span class='ocrx_word' id='word_1_162' title='bbox 1171 1531 1310 1557; x_wconf 89' lang='lat' dir='ltr'>rerum</span> <span class='ocrx_word' id='word_1_163' title='bbox 1336 1521 1491 1556; x_wconf 89' lang='lat' dir='ltr'>natura</span> 
     </span>
     <span class='ocr_line' id='line_1_23' title="bbox 221 1584 1490 1634; baseline -0.002 -9"><span class='ocrx_word' id='word_1_164' title='bbox 221 1587 389 1634; x_wconf 68' lang='lat' dir='ltr'>lugendi</span> <span class='ocrx_word' id='word_1_165' title='bbox 406 1586 700 1625; x_wconf 89' lang='lat' dir='ltr'>necessitatem</span> <span class='ocrx_word' id='word_1_166' title='bbox 717 1585 907 1631; x_wconf 88' lang='lat' dir='ltr'>abstulit,</span> <span class='ocrx_word' id='word_1_167' title='bbox 925 1585 991 1623; x_wconf 92' lang='lat' dir='ltr'>cui</span> <span class='ocrx_word' id='word_1_168' title='bbox 1007 1585 1170 1624; x_wconf 88' lang='lat' dir='ltr'>caelum</span> <span class='ocrx_word' id='word_1_169' title='bbox 1186 1584 1490 1624; x_wconf 75' lang='lat' dir='ltr'>destinauerat,</span> 
     </span>
     <span class='ocr_line' id='line_1_24' title="bbox 222 1651 1487 1703; baseline -0.002 -10"><span class='ocrx_word' id='word_1_170' title='bbox 222 1654 351 1693; x_wconf 86' lang='lat' dir='ltr'>immo</span> <span class='ocrx_word' id='word_1_171' title='bbox 395 1665 494 1693; x_wconf 87' lang='lat' dir='ltr'>uero</span> <span class='ocrx_word' id='word_1_172' title='bbox 538 1652 661 1698; x_wconf 87' lang='lat' dir='ltr'>idem,</span> <span class='ocrx_word' id='word_1_173' title='bbox 707 1652 821 1691; x_wconf 88' lang='lat' dir='ltr'>omni</span> <span class='ocrx_word' id='word_1_174' title='bbox 863 1664 1012 1703; x_wconf 86' lang='lat' dir='ltr'>genere</span> <span class='ocrx_word' id='word_1_175' title='bbox 1054 1651 1251 1691; x_wconf 88' lang='lat' dir='ltr'>orbitatis</span> <span class='ocrx_word' id='word_1_176' title='bbox 1293 1655 1487 1696; x_wconf 80' lang='lat' dir='ltr'>uexatus,</span> 
     </span>
     <span class='ocr_line' id='line_1_25' title="bbox 223 1717 1489 1770; baseline -0.002 -11"><span class='ocrx_word' id='word_1_177' title='bbox 223 1720 374 1759; x_wconf 83' lang='lat' dir='ltr'>sororis</span> <span class='ocrx_word' id='word_1_178' title='bbox 398 1719 531 1758; x_wconf 88' lang='lat' dir='ltr'>filium</span> <span class='ocrx_word' id='word_1_179' title='bbox 554 1718 803 1758; x_wconf 88' lang='lat' dir='ltr'>successioni</span> <span class='ocrx_word' id='word_1_180' title='bbox 827 1722 1129 1770; x_wconf 88' lang='lat' dir='ltr'>praeparatum</span> <span class='ocrx_word' id='word_1_181' title='bbox 1153 1731 1253 1758; x_wconf 88' lang='lat' dir='ltr'>suae</span> <span class='ocrx_word' id='word_1_182' title='bbox 1275 1717 1460 1770; x_wconf 88' lang='lat' dir='ltr'>perdidit</span> <span class='ocrx_word' id='word_1_183' title='bbox 1480 1728 1489 1763; x_wconf 89' lang='lat'>;</span> 
     </span>
     <span class='ocr_line' id='line_1_26' title="bbox 224 1785 1552 1837; baseline -0.002 -12"><span class='ocrx_word' id='word_1_184' title='bbox 224 1787 416 1837; x_wconf 88' lang='lat' dir='ltr'>denique,</span> <span class='ocrx_word' id='word_1_185' title='bbox 436 1799 487 1825; x_wconf 91' lang='lat' dir='ltr'>ne</span> <span class='ocrx_word' id='word_1_186' title='bbox 508 1786 692 1837; x_wconf 82' lang='lat' dir='ltr'>singulos</span> <span class='ocrx_word' id='word_1_187' title='bbox 713 1786 800 1825; x_wconf 91' lang='lat' dir='ltr'>eius</span> <span class='ocrx_word' id='word_1_188' title='bbox 819 1785 959 1825; x_wconf 90' lang='lat' dir='ltr'>luctus</span> <span class='ocrx_word' id='word_1_189' title='bbox 980 1798 1233 1831; x_wconf 88' lang='lat' dir='ltr'>enumerem,</span> <span class='ocrx_word' id='word_1_190' title='bbox 1257 1789 1298 1824; x_wconf 93' lang='lat' dir='ltr'>et</span> <span class='ocrx_word' id='word_1_191' title='bbox 1319 1797 1491 1836; x_wconf 87' lang='lat' dir='ltr'>generos</span> <span class='ocrx_word' id='word_1_192' title='bbox 1511 1794 1552 1828; x_wconf 87' lang='lat'>25</span> 
     </span>
     <span class='ocr_line' id='line_1_27' title="bbox 226 1851 1491 1904; baseline -0.002 -12"><span class='ocrx_word' id='word_1_193' title='bbox 226 1854 291 1893; x_wconf 90' lang='lat' dir='ltr'>ille</span> <span class='ocrx_word' id='word_1_194' title='bbox 323 1854 464 1892; x_wconf 86' lang='lat' dir='ltr'>amisit</span> <span class='ocrx_word' id='word_1_195' title='bbox 496 1857 538 1892; x_wconf 93' lang='lat' dir='ltr'>et</span> <span class='ocrx_word' id='word_1_196' title='bbox 569 1853 720 1892; x_wconf 89' lang='lat' dir='ltr'>liberos</span> <span class='ocrx_word' id='word_1_197' title='bbox 751 1856 793 1891; x_wconf 90' lang='lat' dir='ltr'>et</span> <span class='ocrx_word' id='word_1_198' title='bbox 824 1856 1011 1904; x_wconf 88' lang='lat' dir='ltr'>nepotes,</span> <span class='ocrx_word' id='word_1_199' title='bbox 1045 1865 1093 1892; x_wconf 87' lang='lat' dir='ltr'>ac</span> <span class='ocrx_word' id='word_1_200' title='bbox 1124 1865 1247 1891; x_wconf 91' lang='lat' dir='ltr'>nemo</span> <span class='ocrx_word' id='word_1_201' title='bbox 1276 1851 1411 1903; x_wconf 85' lang='lat' dir='ltr'>magis</span> <span class='ocrx_word' id='word_1_202' title='bbox 1441 1863 1491 1889; x_wconf 85' lang='lat' dir='ltr'>ex</span> 
     </span>
     <span class='ocr_line' id='line_1_28' title="bbox 225 1918 1493 1965; baseline -0.002 -6"><span class='ocrx_word' id='word_1_203' title='bbox 225 1920 421 1960; x_wconf 89' lang='lat' dir='ltr'>omnibus</span> <span class='ocrx_word' id='word_1_204' title='bbox 463 1920 713 1959; x_wconf 87' lang='lat' dir='ltr'>mortalibus</span> <span class='ocrx_word' id='word_1_205' title='bbox 755 1919 968 1958; x_wconf 89' lang='lat' dir='ltr'>hominem</span> <span class='ocrx_word' id='word_1_206' title='bbox 1011 1931 1099 1958; x_wconf 92' lang='lat' dir='ltr'>esse</span> <span class='ocrx_word' id='word_1_207' title='bbox 1140 1932 1195 1965; x_wconf 92' lang='lat' dir='ltr'>se,</span> <span class='ocrx_word' id='word_1_208' title='bbox 1239 1919 1342 1958; x_wconf 91' lang='lat' dir='ltr'>dum</span> <span class='ocrx_word' id='word_1_209' title='bbox 1383 1918 1493 1957; x_wconf 89' lang='lat' dir='ltr'>inter</span> 
     </span>
     <span class='ocr_line' id='line_1_29' title="bbox 226 1985 1494 2037; baseline -0.002 -11"><span class='ocrx_word' id='word_1_210' title='bbox 226 1987 416 2027; x_wconf 89' lang='lat' dir='ltr'>homines</span> <span class='ocrx_word' id='word_1_211' title='bbox 455 1991 558 2033; x_wconf 88' lang='lat' dir='ltr'>erat,</span> <span class='ocrx_word' id='word_1_212' title='bbox 599 1986 741 2026; x_wconf 89' lang='lat' dir='ltr'>sensit.</span> <span class='ocrx_word' id='word_1_213' title='bbox 800 1990 945 2025; x_wconf 90' lang='lat' dir='ltr'>tamen</span> <span class='ocrx_word' id='word_1_214' title='bbox 984 1990 1049 2025; x_wconf 89' lang='lat' dir='ltr'>tot</span> <span class='ocrx_word' id='word_1_215' title='bbox 1088 1990 1317 2037; x_wconf 92' lang='lat' dir='ltr'>tantosque</span> <span class='ocrx_word' id='word_1_216' title='bbox 1352 1985 1494 2024; x_wconf 87' lang='lat' dir='ltr'>luctus</span> 
     </span>
    </p>
   </div>
   <div class='ocr_carea' id='block_1_5' title="bbox 224 2091 1494 2239">
    <p class='ocr_par' dir='ltr' id='par_1_7' title="bbox 224 2091 1494 2239">
     <span class='ocr_line' id='line_1_30' title="bbox 294 2091 1492 2134; baseline -0.002 -11"><span class='ocrx_word' id='word_1_217' title='bbox 294 2097 310 2124; x_wconf 79' lang='lat'><strong>6</strong></span> <span class='ocrx_word' id='word_1_218' title='bbox 338 2093 540 2134; x_wconf 81' lang='lat' dir='ltr'>eademque</span> <span class='ocrx_word' id='word_1_219' title='bbox 568 2093 781 2133; x_wconf 77' lang='lat' dir='ltr'>Wesenberg,</span> <span class='ocrx_word' id='word_1_220' title='bbox 812 2092 970 2134; x_wconf 88' lang='lat' dir='ltr'>denique</span> <span class='ocrx_word' id='word_1_221' title='bbox 995 2092 1023 2123; x_wconf 93' lang='grc' dir='ltr'><strong><em>Ο</em></strong></span> <span class='ocrx_word' id='word_1_222' title='bbox 1117 2096 1154 2123; x_wconf 88' lang='grc'>11</span> <span class='ocrx_word' id='word_1_223' title='bbox 1182 2094 1356 2124; x_wconf 81' lang='lat' dir='ltr'>euexerat</span> <span class='ocrx_word' id='word_1_224' title='bbox 1381 2091 1492 2127; x_wconf 66' lang='lat' dir='ltr'>Gertz,</span> 
     </span>
     <span class='ocr_line' id='line_1_31' title="bbox 224 2144 1494 2186; baseline -0.003 -9"><span class='ocrx_word' id='word_1_225' title='bbox 224 2148 393 2178; x_wconf 85' lang='lat' dir='ltr'>erexerat</span> <span class='ocrx_word' id='word_1_226' title='bbox 405 2146 433 2177; x_wconf 91' lang='grc' dir='ltr'><em>Ο</em></span> <span class='ocrx_word' id='word_1_227' title='bbox 520 2149 557 2176; x_wconf 90' lang='grc'>12</span> <span class='ocrx_word' id='word_1_228' title='bbox 576 2146 710 2177; x_wconf 83' lang='lat' dir='ltr'>Sextus</span> <span class='ocrx_word' id='word_1_229' title='bbox 723 2144 919 2186; x_wconf 89' lang='lat' dir='ltr'>Pompeius</span> <span class='ocrx_word' id='word_1_230' title='bbox 930 2144 1060 2176; x_wconf 82' lang='lat' dir='ltr'>delebat</span> <span class='ocrx_word' id='word_1_231' title='bbox 1073 2145 1238 2177; x_wconf 77' lang='lat' dir='ltr'>Muretus</span> <span class='ocrx_word' id='word_1_232' title='bbox 1326 2148 1364 2175; x_wconf 82' lang='lat'>19</span> <span class='ocrx_word' id='word_1_233' title='bbox 1381 2152 1494 2186; x_wconf 88' lang='lat' dir='ltr'>quom</span> 
     </span>
     <span class='ocr_line' id='line_1_32' title="bbox 227 2195 1101 2239; baseline -0.002 -10"><span class='ocrx_word' id='word_1_234' title='bbox 227 2197 349 2230; x_wconf 78' lang='lat' dir='ltr'>scierit</span> <span class='ocrx_word' id='word_1_235' title='bbox 365 2197 474 2234; x_wconf 71' lang='lat' dir='ltr'>Gertz,</span> <span class='ocrx_word' id='word_1_236' title='bbox 495 2206 607 2239; x_wconf 85' lang='lat' dir='ltr'>quarn</span> <span class='ocrx_word' id='word_1_237' title='bbox 627 2197 718 2228; x_wconf 84' lang='lat' dir='ltr'>sciet</span> <span class='ocrx_word' id='word_1_238' title='bbox 736 2197 776 2233; x_wconf 92' lang='lat' dir='ltr'>O,</span> <span class='ocrx_word' id='word_1_239' title='bbox 796 2206 906 2238; x_wconf 88' lang='lat' dir='ltr'>quem</span> <span class='ocrx_word' id='word_1_240' title='bbox 925 2195 1047 2228; x_wconf 78' lang='lat' dir='ltr'>scierit</span> <span class='ocrx_word' id='word_1_241' title='bbox 1064 2197 1101 2228; x_wconf 92' lang='lat' dir='ltr'><em>H</em></span> 
     </span>
    </p>
   </div>
  </div>
 </body>
</html>
