1623 2444
549 60 636 95 AD
671 59 740 94 ΡΑ
757 59 992 95 VLJNVM
1356 71 1401 106 13

133 173 196 209 est
242 170 494 221 expectatio,
539 183 648 220 quae
698 170 855 221 pendet
907 183 958 208 ex
1009 169 1206 215 crastinO,
1259 169 1399 221 perdit

132 236 392 276 hodiernum.
451 237 567 288 quod
606 237 648 275 in
688 250 819 275 manu
859 237 1054 275 fortunae
1093 237 1281 287 positum
1322 240 1398 281 est,

131 303 341 355 disponis;
371 304 487 354 quod
519 303 562 342 in
586 307 674 349 tua,
705 303 896 342 dimittis.
957 316 1041 354 quo
1078 303 1275 354 spectas?
1316 316 1400 354 quo

131 374 175 409 te
208 370 435 409 extendis?
495 370 638 409 omnia
671 383 780 421 quae
814 374 996 409 uentura
1029 374 1127 409 sunt
1162 370 1204 408 in
1238 370 1399 409 incerto

95 446 112 479 5
131 436 296 476 iacent:
339 437 532 489 protinus
561 437 671 476 uiue.
730 437 885 476 clamat
916 449 1009 475 ecce
1038 437 1249 476 maximus
1278 441 1399 476 uates
1423 452 1441 475 2

131 507 173 542 et
197 503 315 543 uelut
340 504 484 543 diuino
508 517 578 543 ore
602 493 1036 556 instinctussssalutare
1060 517 1229 542 carmen
1254 503 1368 542 canit
1389 516 1396 542 :

211 605 375 657 optima
404 618 597 657 quaeque
627 605 714 645 dies
743 605 904 645 miseris
933 605 1183 644 mortalibus
1214 605 1306 644 aeui

211 672 349 723 prima
377 672 498 724 fugit.

130 772 139 787 ‘
159 772 264 824 quid
280 772 492 812 cunctaris
511 773 526 812 ἒ
549 772 557 786 ’
591 772 730 824 inquit
749 772 757 786 ‘
778 772 882 823 quid
899 785 1035 812 cessas
1055 773 1069 811 ?
1107 772 1185 811 nisi
1204 785 1397 824 occupas,

75 857 113 879 10
129 839 265 891 fugit.'
324 844 366 879 et
403 852 500 878 cum
535 839 819 891 occupaueris,
858 843 1002 878 tamen
1041 839 1201 891 fugiet;
1254 839 1399 890 itaque

129 919 227 945 cum
252 906 467 946 celeritate
492 906 694 958 temporis
720 906 869 945 utendi
895 906 1122 945 uelocitate
1148 906 1399 945 certandum

129 977 206 1020 est,
233 977 274 1012 et
299 973 417 1012 uelut
442 986 494 1012 ex
515 973 691 1013 torrenti
720 973 867 1025 rapido
892 985 968 1013 nec
992 985 1155 1025 semper
1178 973 1290 1012 ituro
1315 972 1399 1012 cito

129 1040 421 1080 hauriendum.
480 1041 559 1079 hoc
606 1053 775 1091 quoque
822 1040 1100 1092 pulcherrime
1148 1040 1203 1079 ad
1250 1053 1398 1092 expro-
1421 1051 1442 1087 3

128 1106 337 1146 brandam
362 1095 573 1146 infinitam
598 1107 912 1159 cogitationem,
940 1107 1055 1159 quod
1080 1120 1164 1146 non
1190 1107 1398 1159 optimam

74 1190 109 1224 15
128 1186 343 1225 quamque
366 1174 588 1213 ‘aetatem'
609 1174 683 1213 sed
705 1174 852 1213 ‘diem’
875 1174 989 1213 dicit.
1039 1174 1142 1226 quid
1161 1187 1331 1213 securus
1355 1178 1397 1213 et

129 1240 172 1280 in
197 1244 322 1280 tanta
347 1245 588 1292 temporum
613 1241 714 1292 fuga
738 1241 878 1280 lentus
903 1254 1067 1281 menses
1092 1241 1170 1280 tibi
1197 1245 1238 1280 et
1266 1254 1398 1280 annos

128 1307 172 1347 in
191 1307 361 1359 longam
381 1308 542 1354 seriem,
565 1312 797 1359 utcumque
819 1308 1017 1347 auiditati
1038 1312 1138 1347 tuae
1159 1308 1298 1347 uisum
1319 1312 1395 1354 est,

129 1375 392 1426 exporrigis?
453 1375 505 1414 de
538 1375 605 1414 die
638 1379 780 1414 tecum
812 1375 1001 1426 loquitur
1034 1379 1075 1414 et
1109 1375 1161 1414 de
1194 1375 1274 1414 hoc
1306 1375 1398 1426 ipso

128 1441 328 1493 fugiente.
387 1455 490 1480 num
517 1441 695 1481 dubium
722 1446 784 1481 est
813 1455 922 1493 ergo,
951 1442 1054 1493 quin
1081 1442 1245 1493 optima
1271 1455 1398 1493 quae·
1419 1450 1442 1482 4

71 1524 112 1547 20
129 1520 212 1559 que
239 1508 377 1560 prima
406 1508 493 1548 dies
523 1508 658 1560 fugiat
688 1509 939 1548 mortalibus
968 1509 1141 1555 miseris,
1165 1509 1209 1547 id
1238 1513 1301 1548 est
1331 1521 1398 1548 oc-

129 1575 329 1627 cupatis?
380 1588 561 1626 quorum
602 1575 772 1627 puerilis
815 1576 953 1614 adhuc
995 1575 1158 1615 animos
1204 1579 1398 1615 senectus

129 1642 342 1693 opprimit,
373 1642 427 1681 ad
454 1655 584 1693 quarn
611 1642 795 1694 inparati
829 1642 1092 1694 inermesque
1129 1643 1400 1694 perueniunt,

130 1708 232 1747 nihil
269 1709 382 1748 enim
418 1709 636 1761 prouisum
673 1714 764 1748 est:
820 1709 962 1748 subito
999 1709 1042 1748 in
1080 1709 1196 1748 illam
1233 1709 1398 1765 necopi-

130 1779 281 1815 nantes
311 1775 562 1822 inciderunt,
596 1777 792 1815 accedere
822 1789 917 1815 eam
947 1776 1101 1815 cotidie
1132 1789 1217 1815 non
1248 1776 1399 1815 sentie-

72 1852 110 1886 25
129 1842 248 1882 bant.
306 1843 668 1894 quemadmodum
717 1847 791 1882 aut
840 1856 976 1882 sermo
1026 1847 1100 1882 aut
1148 1843 1273 1882 lectio
1323 1847 1397 1882 aut
1424 1846 1440 1883 5

131 1909 273 1961 aliqua
312 1909 515 1949 intentior
555 1910 757 1961 cogitatio
798 1910 878 1949 iter
917 1910 1111 1949 facientis
1151 1910 1322 1962 decipit,
1357 1913 1399 1949 et

192 2030 210 2056 6
224 2025 346 2058 furore
359 2025 558 2058 instinctus
569 2028 747 2064 Muretus,
760 2036 822 2058 ore
833 2029 871 2058 et
882 2026 1061 2057 instinctu
1074 2027 1172 2058 Gertz
1212 2031 1251 2057 14
1264 2027 1400 2067 cogita-

132 2077 273 2109 tionem
286 2078 389 2119 ποίει,
404 2079 681 2110 cunctationem
693 2079 792 2111 Gertz
802 2079 877 2111 coll.
890 2078 992 2120 epist.
1006 2088 1061 2119 45,
1076 2090 1126 2119 13,
1142 2078 1400 2119 cognationem

131 2128 179 2166 A,
197 2128 439 2170 agitationem
464 2130 616 2172 Madvig
724 2135 763 2162 17
787 2130 825 2162 in
842 2130 990 2171 longam
1013 2130 1122 2167 Gertz,
1143 2130 1172 2161 ἅ-
1196 2130 1343 2171 longam
1364 2130 1394 2161 A

134 2186 172 2213 19
190 2181 334 2222 optima
351 2192 521 2224 quaeque
538 2182 658 2224 prima
674 2182 784 2219 Gertz,
805 2181 924 2223 prima
941 2192 1109 2224 quaeque
1128 2181 1270 2223 optima
1285 2181 1314 2212 Α

1554 1019 1582 1050 7
