1623 2444
186 731 207 766 Ο)

184 1136 207 1169 4

188 1604 207 1641 5

231 75 251 110 6
259 77 279 110 6
745 76 816 111 SE
819 76 905 112 NE
914 77 980 112 CA

230 186 467 238 municipiis
494 190 534 225 et
562 186 734 225 coloniis
759 186 856 229 51115,
885 198 936 224 ex
962 190 1055 224 toto
1081 185 1261 237 denique
1287 186 1386 225 orbe
1412 190 1493 225 ter-

230 266 382 299 rarum,
408 254 726 292 confluxerunt:
759 252 861 291 alios
881 252 1059 291 adduxit
1085 252 1273 299 ambitio,
1300 253 1401 292 alios
1424 266 1493 292 ne-

230 321 401 359 cessitas
441 320 564 359 officii
604 319 774 371 publici,
818 319 919 357 alios
959 319 1143 370 inposita
1182 319 1349 370 legatio,
1392 320 1494 359 alios

230 387 396 425 luxuria
419 391 706 438 opportunum
731 390 771 424 et
796 386 1045 437 opulentum
1068 386 1183 425 uitiis
1205 386 1344 424 locum
1368 399 1494 437 quae-

230 467 335 499 rens,
391 453 491 492 alios
542 453 776 492 liberalium
828 452 1064 491 studiorum
1116 452 1338 504 cupiditas,
1393 453 1495 492 alios
1515 465 1531 498 5

230 520 498 571 spectacula;
550 520 757 570 quosdam
792 519 923 558 traxit
959 519 1156 565 amicitia,
1193 520 1400 570 quosdam
1434 519 1495 558 in-

230 587 406 633 dustria,
428 587 570 625 laxam
591 586 876 641 ostendendae
896 585 1046 624 uirtuti
1067 590 1224 625 nancta
1242 586 1465 624 materiam
1485 598 1493 632 ;

229 654 403 704 quidam
423 654 615 692 uenalem
636 642 815 691 formam
837 652 1086 698 attulerunt,
1108 652 1283 703 quidam
1302 653 1494 691 uenalem

229 720 526 771 eloquentiam.
587 720 748 759 nullum
802 732 883 758 non
943 719 1163 758 hominurn
1215 732 1346 770 genus
1398 732 1494 758 con-

228 787 412 826 cucurrit
434 787 476 826 in
498 787 645 826 urbem
668 790 708 825 et
731 786 963 825 uirtutibus
985 791 1025 824 et
1048 786 1163 825 uitiis
1183 798 1338 837 magna
1358 786 1495 837 pretia
1519 801 1557 823 10

229 857 469 906 ponentem.
529 854 626 893 iube
665 853 767 892 istos
806 866 951 891 omnes
991 853 1045 891 ad
1084 865 1237 891 nomen
1277 853 1409 899 citari,
1452 856 1494 892 et

230 921 238 934 ‘
258 922 370 960 unde
399 921 525 959 domo
545 921 553 934 ’
585 920 762 971 quisque
791 920 843 958 sit
874 932 1055 970 quaere:
1101 919 1264 958 uidebis
1292 919 1494 958 maiorem

228 992 394 1040 partem
413 1001 512 1033 esse,
533 1001 642 1038 quae
660 987 814 1025 relictis
832 987 1000 1025 sedibus
1018 986 1102 1025 suis
1121 986 1282 1025 uenerit
1301 986 1343 1025 in
1361 986 1494 1025 maxi-

228 1068 343 1093 mam
379 1055 551 1106 quidem
588 1067 635 1093 ac
671 1053 995 1105 pulcherrimam
1031 1053 1191 1097 urbem,
1230 1066 1313 1092 non
1350 1057 1494 1092 tamen

229 1135 361 1161 5113111.
421 1122 571 1160 deinde
605 1121 658 1159 ab
691 1121 769 1159 hac
802 1120 976 1159 ciuitate
1009 1120 1186 1166 discede,
1220 1133 1329 1170 quae
1361 1120 1493 1159 ueluti
1519 1136 1553 1168 15

228 1188 463 1227 communis
495 1192 636 1239 potest
670 1187 763 1233 dici,
798 1200 943 1225 omnes
975 1186 1098 1225 urbes
1131 1187 1329 1225 circumi:
1379 1187 1495 1226 nulla

230 1269 313 1294 non
342 1268 540 1307 magnam
570 1258 735 1306 partem
764 1254 1005 1305 peregrinae
1034 1253 1320 1292 multitudinis
1350 1254 1491 1293 habet.

229 1322 361 1361 transi
387 1322 439 1360 ab
462 1322 523 1367 115,
549 1334 729 1372 quarum
755 1334 931 1359 amoena
953 1320 1107 1372 positio
1131 1324 1172 1359 et
1196 1321 1494 1372 opportunitas

230 1389 408 1440 regionis
443 1389 582 1440 plures
619 1388 790 1433 adlicit;
847 1388 1014 1426 deserta
1045 1387 1137 1426 loca
1169 1391 1210 1426 et
1245 1387 1494 1439 asperrimas

230 1456 399 1502 insulas,
425 1455 643 1494 Sciathum
668 1458 708 1493 et
733 1454 967 1505 Seriphum,
993 1454 1182 1505 Gyarum
1206 1458 1247 1492 et
1271 1454 1491 1500 Cossuran,
1515 1473 1556 1494 20
1616 1455 1622 1495 J

230 1536 425 1574 percense
445 1535 453 1561 2
489 1522 651 1561 nullum
671 1521 858 1560 inuenies
879 1521 1049 1559 exilium
1070 1521 1113 1559 in
1133 1533 1217 1571 quo
1239 1534 1323 1559 non
1346 1521 1495 1572 aliquis

231 1590 358 1628 animi
403 1602 530 1628 causa
572 1593 771 1627 moretur.
831 1588 933 1638 quid
977 1591 1066 1626 tam
1111 1588 1272 1626 nudum
1317 1587 1494 1627 inueniri

229 1661 384 1708 potest,
434 1656 537 1707 quid
585 1660 675 1694 tam
725 1655 954 1706 abruptum
1003 1654 1189 1705 undique
1238 1667 1367 1705 quam
1416 1655 1494 1694 hoc

230 1723 414 1762 saxum?
455 1723 557 1773 quid
583 1723 649 1783 3(1
679 1722 825 1782 copias
866 1721 1103 1772 respicienti
1139 1721 1351 1760 ieiunius?
1392 1721 1494 1773 quid

231 1791 285 1829 ad
334 1790 524 1828 homines
572 1788 913 1828 inmansuetius?
970 1787 1072 1838 quid
1126 1788 1179 1826 ad
1228 1788 1366 1839 ipsum
1415 1788 1493 1827 loci
1516 1808 1554 1841 25

230 1857 359 1896 situm
406 1856 647 1895 horridius?
695 1855 797 1906 quid
850 1854 903 1893 ad
950 1854 1052 1893 caeli
1099 1858 1297 1893 naturam
1344 1854 1495 1893 intern-

230 1924 480 1975 perantius?
541 1923 680 1974 plures
712 1926 855 1960 tamen
888 1921 953 1959 hic
985 1921 1189 1972 peregrini
1222 1934 1352 1972 quam
1383 1921 1495 1961 ciues

230 1991 479 2029 consistunt.
539 2002 672 2040 usque
696 2001 744 2027 eo
769 2001 865 2039 ergo
890 1988 1168 2026 commutatio
1193 1987 1285 2039 ipsa
1307 1988 1494 2027 locorum

228 2057 368 2108 grauis
390 2070 473 2095 non
496 2060 572 2102 est,
596 2060 644 2095 ut
667 2056 733 2094 hic
754 2068 923 2106 quoque
944 2055 1060 2093 locus
1083 2068 1107 2093 a
1127 2054 1267 2106 patria
1287 2055 1494 2106 quosdam

294 2150 333 2176 20
350 2146 531 2176 Cossuran
549 2144 657 2179 Gertz,
677 2144 853 2175 Cosuram
872 2143 1049 2179 Muretus,
1069 2143 1240 2174 Corsican
1260 2141 1287 2172 A
1385 2145 1423 2172 26
1442 2142 1495 2173 in-

230 2197 471 2239 temperatius
488 2196 624 2227 Gronov
