1623 2444
195 45 242 80 26
718 45 955 82 SENECA

153 163 170 186 2
192 152 419 203 aliquando
441 152 535 192 finis
555 153 772 192 exterruit.
832 167 928 192 cum
949 166 1022 205 per
1041 167 1196 205 magna
1214 167 1460 206 camporum

190 219 331 270 spatia
365 219 594 271 porrigeret
630 220 861 259 exercitum
897 233 972 259 nec
1007 234 1229 260 numerum
1264 221 1352 260 eius
1386 222 1461 260 sed

191 298 432 325 mensuram
448 287 750 338 conprenderet
770 287 991 326 Persarum
1008 300 1079 326 rex
1096 287 1457 334 insolentissimus,

190 352 384 392 lacrimas
419 353 623 404 profudit,
661 354 777 405 quod
812 354 925 393 intra
959 358 1131 393 centum
1168 367 1299 394 annos
1336 367 1459 393 nemo

190 432 241 458 ex
276 423 401 458 tanta
431 420 654 459 iuuentute
687 421 983 472 superfuturus
1015 426 1137 460 esset.
1197 426 1241 460 at
1273 421 1352 460 illis
1387 422 1458 460 ad·
1481 436 1497 469 5

190 490 383 525 moturus
419 490 509 525 erat
546 487 684 526 fatum
721 487 808 538 ipse
844 487 916 538 qui
952 487 1094 534 flebat,
1132 488 1458 539 perditurusque

190 553 293 592 alios
318 553 361 592 in
387 553 506 599 mari,
536 553 638 593 alios
664 554 706 592 in
733 558 856 600 terra,
887 554 989 593 alios
1015 555 1184 606 proelio,
1215 555 1316 594 alios
1342 555 1455 606 fuga,

190 624 231 659 et
258 620 371 659 intra
397 620 595 672 exiguum
621 624 790 672 tempus
817 612 1145 672 consumpturus
1172 621 1274 668 illos,
1303 622 1457 672 quibus

147 704 167 739 3
189 687 466 726 centesimum
516 700 674 726 annum
723 687 914 727 timebat.
975 688 1089 739 quid,
1140 689 1255 739 quod
1302 688 1457 740 gaudia

188 766 358 805 quoque
378 767 522 793 eorum
542 754 709 805 trepida
727 758 826 793 sunt
847 755 861 793 ?
923 767 1007 793 non
1028 755 1139 793 enim
1159 755 1301 794 solidis
1321 755 1456 794 causis
1482 770 1519 791 ιο

188 820 431 860 innituntur
444 821 517 860 sed
533 821 680 860 eadem
695 834 781 872 qua
795 821 989 860 oriuntur
1003 822 1197 861 uanitate
1211 822 1453 861 turbantur.

188 888 331 939 qualia
374 892 518 927 autem
560 892 688 939 putas
731 900 818 927 esse
861 892 1055 940 tempora
1097 888 1227 928 etiam
1269 889 1456 940 ipsorum

188 954 447 994 confessione
490 954 681 1001 miseras
700 968 797 994 cum
841 955 943 994 haec
987 968 1169 1007 quoque,
1215 956 1369 1007 quibus
1413 969 1456 995 se

189 1022 393 1060 attollunt
423 1026 465 1060 et
495 1035 620 1073 super
648 1022 861 1060 hominem
891 1022 1084 1068 efferunt,
1116 1036 1267 1074 parum
1296 1023 1457 1062 sincera

146 1100 168 1132 4
187 1089 306 1127 sint?
367 1088 556 1127 maxima
583 1102 776 1140 quaeque
804 1089 918 1127 bona
945 1089 1124 1128 sollicita
1151 1094 1250 1128 sunt
1280 1103 1355 1128 nec
1383 1090 1456 1128 ulli
1482 1108 1517 1140 15

188 1155 384 1194 fortunae
417 1155 556 1194 minus
588 1156 695 1194 bene
728 1169 858 1206 quam
892 1156 1078 1207 optimae
1112 1156 1322 1195 creditur:
1376 1156 1458 1195 alia

188 1222 390 1262 felicitate
410 1222 465 1261 ad
484 1223 688 1261 tuendam
709 1222 956 1261 felicitatem
975 1236 1081 1274 opus
1101 1227 1176 1269 est,
1199 1228 1240 1262 et
1260 1236 1336 1274 pro
1356 1223 1456 1275 ipsis

187 1302 296 1341 quae
341 1302 574 1329 successere
618 1289 730 1328 uotis
754 1282 879 1337 {uota
923 1289 1118 1329 facienda
1161 1294 1273 1329 sunt.
1333 1303 1457 1329 omne

187 1356 299 1395 enim
339 1356 455 1408 quod
496 1356 673 1395 fortuito
715 1356 889 1395 obuenit
931 1356 1127 1396 instabile
1168 1361 1243 1403 est,
1287 1370 1457 1408 quoque

188 1423 315 1463 altius
339 1423 578 1469 surrexerit,
606 1423 886 1475 opportunius
912 1428 975 1463 est
1000 1424 1043 1462 in
1068 1436 1275 1463 occasum.
1326 1424 1456 1463 nemi-
1478 1441 1519 1463 20

187 1503 283 1529 nem
337 1503 461 1542 porro
515 1503 663 1529 casura
716 1490 956 1529 delectant:
1028 1491 1305 1529 miserrimam
1359 1504 1455 1543 ergo

188 1570 354 1596 necesse
393 1561 469 1603 est,
511 1570 596 1596 non
635 1549 807 1596 tan‘tum
846 1557 1150 1603 breuissimam,
1192 1558 1341 1632 uitam
1368 1571 1456 1610 esse

187 1637 344 1670 eorum,
373 1624 446 1675 qui
473 1637 627 1675 magno
653 1628 806 1676 parant
832 1624 975 1663 labore
1001 1625 1116 1675 quod
1142 1637 1299 1663 maiore
1325 1618 1456 1676 possi—

146 1702 165 1739 5
187 1691 328 1730 deant.
389 1704 561 1742 operose
582 1691 838 1730 adsecuntur
857 1704 966 1742 quae
986 1691 1150 1737 uolunt,
1174 1691 1287 1730 anxii
1308 1696 1455 1731 tenent

187 1771 296 1809 quae
318 1758 506 1797 adsecuti
528 1762 655 1804 sunt;
694 1758 809 1797 nulla
829 1758 998 1797 interim
1019 1771 1254 1809 numquam
1276 1759 1457 1810 amplius
1479 1770 1516 1803 25

189 1825 361 1864 redituri
388 1825 590 1876 temporis
615 1806 733 1863 ratio
744 1829 824 1864 est:
859 1838 995 1864 nouae
1020 1826 1318 1876 occupationes
1342 1830 1457 1865 uete-

188 1892 303 1931 ribus
335 1892 667 1938 substituuntur
698 1904 791 1943 spes
824 1905 940 1943 spem
974 1892 1146 1938 excitat,
1182 1892 1456 1932 ambitionem

188 1959 377 1998 ambitio.
436 1959 696 1998 miseriarum
724 1972 808 1998 non
833 1959 927 1997 finis
951 1959 1169 2010 quaeritur
1188 1959 1261 1998 sed
1279 1960 1459 1999 materia

187 2029 392 2065 mutatur.
452 2026 584 2064 nostri
624 2038 700 2065 nos
738 2026 916 2065 honores
955 2030 1182 2072 torserunt,
1218 2026 1313 2077 plus
1351 2031 1438 2066 tem

187 2093 299 2145 poris
336 2090 458 2131 alieni
492 2093 703 2132 auferunt.
763 2093 979 2132 candidati
1015 2093 1205 2132 laborare
1244 2093 1455 2141 desiimus,
1478 2112 1518 2143 30

572 2185 610 2212 19
628 2191 777 2223 quoque
793 2181 903 2219 Gertz,
924 2182 1025 2223 quod
1041 2182 1070 2212 A
