1623 2444
226 86 247 120 8
737 82 976 119 SENECA

222 193 382 239 uidens,
413 206 518 244 quas
545 206 621 231 nec
650 205 769 243 agere
795 191 949 230 licebat
983 204 1058 230 nec
1084 191 1169 230 iarn
1196 191 1375 230 liberum
1402 194 1493 229 erat

224 260 350 300 semel
389 260 610 298 incohatas
649 259 894 309 relinquere,
936 262 1156 297 execratus
1194 257 1431 309 inquietam
1471 271 1495 296 a

224 327 462 379 primordiis
492 326 628 365 uitam
658 325 813 364 dicitur
842 325 1023 364 dixisse:
1071 325 1143 364 uni
1174 324 1253 364 sibi
1283 337 1335 363 ne
1364 337 1494 376 puero

225 394 397 446 quidem
431 406 636 444 umquam
671 393 795 431 ferias
829 392 1064 443 contigisse.
1125 405 1251 430 ausus
1285 396 1347 430 est
1383 390 1495 430 enim

226 465 268 500 et
290 461 475 513 pupillus
498 460 636 499 adhuc
659 463 700 498 et
722 463 1018 511 praetextatus
1041 458 1249 497 iudicibus
1271 471 1362 497 reos
1383 470 1496 497 com·
1518 469 1535 500 5

226 528 425 567 mendare
477 531 518 566 et
563 526 744 578 gratiam
788 539 909 565 suam
952 526 1043 564 foro
1096 525 1362 577 interponere
1406 529 1496 564 tam

227 594 450 634 efficaciter
487 593 672 645 quidem,
712 598 759 632 ut
798 593 1008 644 quaedam
1046 592 1201 631 iudicia
1237 596 1402 631 constet
1443 591 1496 630 ab

188 676 204 698 2
227 662 297 700 illo
331 666 466 713 rapta.
526 674 611 712 quo
646 673 730 699 non
764 664 1001 711 erumperet
1036 663 1127 698 tam
1160 659 1376 698 inmatura
1410 671 1497 697 am-

227 728 369 767 bitio?
431 728 555 767 scires
581 727 623 766 in
651 727 811 766 malum
837 727 982 778 ingens
1010 730 1050 765 et
1078 726 1296 778 priuatum
1323 730 1365 764 et
1391 725 1497 777 pub-

228 796 356 834 licum
397 808 620 834 euasuram
660 799 752 833 tam
791 807 1072 845 praecoquem
1114 793 1348 832 audaciam.
1408 805 1498 831 sero
1524 804 1560 825 10

229 862 374 914 itaque
421 862 678 913 querebatur
725 861 860 900 nullas
908 861 986 899 sibi
1034 860 1157 899 ferias
1204 859 1427 911 contigisse
1475 872 1500 897 a

229 942 359 981 puero
390 929 614 967 seditiosus
638 932 680 967 et
711 928 801 966 foro
832 928 983 979 grauis.
1043 927 1299 978 disputatur,
1328 940 1381 965 an
1411 925 1500 977 ipse

230 996 309 1035 sibi
330 1009 482 1035 manus
504 995 695 1034 attulerit
716 1007 724 1041 ;
764 995 905 1034 subito
928 994 1039 1033 enim
1060 994 1230 1033 uolnere
1251 1007 1325 1045 per
1346 994 1499 1044 inguen

232 1067 406 1115 accepto
452 1063 676 1114 conlapsus
723 1066 798 1108 est,
843 1061 983 1112 aliquo
1027 1061 1253 1100 dubitante
1294 1074 1347 1099 an
1388 1073 1500 1099 mors

191 1147 211 1181 3
232 1130 320 1169 eius
351 1130 594 1169 uoluntaria
626 1134 747 1175 esset,
782 1129 909 1175 nullo,
945 1142 999 1167 an
1032 1128 1299 1179 tempestiua.
1359 1140 1501 1178 super·
1526 1139 1561 1171 15

232 1210 417 1236 uacuum
461 1201 523 1235 est
568 1209 896 1235 commemorare
939 1196 1091 1247 plures,
1138 1195 1223 1246 qui,
1270 1208 1367 1233 cum
1412 1193 1502 1232 aliis

233 1264 458 1303 felicissimi
488 1263 745 1309 uiderentur,
778 1263 856 1314 ipsi
887 1262 929 1301 in
960 1275 1003 1301 se
1032 1275 1180 1301 uerum
1211 1261 1502 1300 testimonium

233 1331 431 1370 dixerunt
474 1330 610 1382 perosi
653 1343 821 1369 omnem
865 1333 1008 1368 actum
1051 1342 1258 1368 annorum
1300 1339 1500 1374 suorum;

232 1399 305 1438 sed
335 1398 398 1437 his
427 1397 621 1449 querellis
650 1410 726 1436 nec
755 1397 857 1435 alios
886 1400 1162 1435 mutauerunt
1194 1409 1268 1435 nec
1294 1408 1336 1434 se
1362 1395 1502 1446 ipsos;

233 1478 346 1511 nam,
377 1478 474 1504 cum
511 1464 642 1503 uerba
680 1468 921 1515 eruperunt,
959 1464 1150 1502 adfectus
1189 1463 1243 1501 ad
1281 1466 1504 1502 consuetu·
1527 1476 1567 1498 20

233 1532 376 1572 dinem
405 1531 664 1570 relabuntur.

190 1619 213 1651 4
302 1600 453 1638 Vestra
485 1611 551 1637 me
584 1598 770 1637 hercules
802 1597 906 1643 uita,
940 1597 1036 1636 licet
1069 1610 1197 1648 supra
1229 1596 1341 1636 mille
1373 1608 1506 1635 annos

233 1670 369 1712 exeat,
398 1666 441 1704 in
469 1665 728 1704 artissimum
754 1665 1056 1703 contrahetur:
1101 1664 1183 1702 ista
1209 1663 1316 1702 uitia
1342 1662 1505 1701 nullum

233 1746 317 1772 non
345 1732 559 1772 saeculum
587 1731 854 1771 deuorabunt
875 1744 883 1777 ;
928 1732 1006 1770 hoc
1033 1744 1133 1770 uero
1160 1730 1348 1782 spatium
1374 1729 1502 1780 quod,

232 1800 429 1851 quamuis
452 1803 606 1838 natura
628 1799 772 1844 currit,
798 1798 906 1837 ratio
930 1798 1096 1843 dilatat,
1122 1797 1206 1836 cito
1229 1810 1305 1836 uos
1329 1796 1502 1847 effugiat
1524 1813 1563 1845 25

233 1880 399 1906 necesse
427 1870 519 1912 est;
564 1879 648 1905 non
677 1865 788 1904 enim
817 1864 1078 1916 adprenditis
1106 1877 1181 1903 nec
1210 1863 1399 1903 retinetis
1427 1876 1502 1902 nec

233 1933 520 1973 uelocissimae
546 1932 737 1972 omnium
762 1932 819 1971 rei
846 1944 1009 1971 moram
1034 1931 1186 1977 facitis,
1214 1931 1287 1970 sed
1314 1930 1428 1970 abire
1453 1934 1501 1969 ut

234 2014 322 2040 rem
349 2013 657 2051 superuacuam
686 2012 733 2038 ac
762 1998 1039 2050 reparabilem
1067 1998 1214 2037 sinitis.

197 2077 209 2100 1
317 2073 361 2121 7.
420 2067 470 2106 In
502 2066 648 2118 primis
685 2070 828 2105 autem
861 2070 903 2104 et
940 2066 1031 2104 illos
1068 2078 1254 2111 numerO,
1293 2065 1366 2116 qui
1398 2058 1501 2104 nulli

307 2160 323 2185 1
344 2164 513 2196 peragere
525 2155 622 2186 Gertz
681 2158 698 2184 2
718 2153 911 2184 incohatas
924 2153 968 2189 A,
983 2152 1175 2184 inchoatas
1187 2163 1272 2184 corr.
1334 2157 1371 2184 11
1391 2163 1504 2194 puero

234 2213 312 2251 post
336 2209 530 2250 contigisse
554 2209 722 2241 excidisse
746 2209 907 2249 suspicor
1021 2212 1059 2239 29
1081 2212 1115 2246 ,ἐξ
1134 2219 1150 2239 l
1169 2212 1198 2239 et
1216 2219 1237 2238 ..⁹
1254 2209 1299 2239 ad
1314 2212 1351 2239 13
1373 2207 1503 2249 capitis
