1623 2444
512 70 599 106 AD
637 70 751 108 POL
762 71 959 107 rBJVM
1319 82 1337 119 5
1352 85 1363 107 1

104 179 302 220 facundia
336 180 550 232 explicuit.
611 180 749 219 nullus
784 181 928 231 itaque
963 181 1112 219 melius
1146 182 1221 219 1135
1257 181 1371 219 adlo-
1395 197 1412 220 2

103 247 259 298 quendi
305 252 447 299 partes
491 248 761 298 occupauerit
783 260 789 286 2
853 248 967 286 aliud
1012 247 1244 293 habebunt,
1293 248 1371 286 hoc

104 314 282 361 dicente,
302 315 469 366 pondus
486 314 616 353 uerba
634 314 751 353 uelut
770 315 823 352 ab
842 315 1009 353 oraculo
1027 314 1155 353 missa
1174 327 1182 360 3
1202 327 1369 352 omnem

104 380 191 420 uim
209 381 363 420 doloris
381 381 444 420 tui
461 381 607 420 diuina
624 381 711 420 eius
729 382 962 420 contundet
981 381 1225 420 auctoritas.
1260 382 1371 420 hunc

68 458 85 491 5
104 448 248 499 itaque
291 448 368 487 tibi
410 452 517 500 puta
558 448 707 487 dicere.
782 448 789 461 ‘
811 461 895 487 non
938 453 979 487 te
1022 449 1157 487 solum
1199 448 1372 487 fortuna

105 515 338 566 desumpsit
379 515 470 562 sibi,
512 528 638 566 quem
678 519 768 554 tam
808 515 925 566 graui
967 516 1149 554 afficeret
1190 515 1341 554 iniuria
1361 528 1369 561 ;

105 582 220 622 nulla
236 582 386 621 domus
403 582 445 621 in
464 586 557 621 toto
575 582 674 621 orbe
693 586 900 621 terrarum
919 586 993 621 aut
1011 586 1074 621 est
1092 587 1166 621 aut
1184 583 1265 621 iuit
1284 583 1371 621 sine

106 649 247 700 aliqua
291 649 634 701 comploratione.
694 649 883 688 transibo
928 650 1122 701 exempla
1166 650 1369 701 uulgaria,

105 729 226 768 quae,
244 716 409 755 etiamsi
425 716 600 762 minora,
619 720 762 755 tamen
779 716 997 755 innumera
1015 721 1113 755 sunt
1124 729 1132 762 ;
1166 717 1219 755 ad
1236 717 1372 755 fastus

49 798 87 821 10
105 787 148 822 te
178 788 220 822 et
251 783 423 822 annales
453 783 680 835 perducam
711 783 913 834 publicos.
973 784 1091 823 uides
1121 797 1266 822 omnes
1296 785 1372 822 has
1392 800 1411 834 3

105 850 319 901 imagines,
358 864 466 902 quae
503 850 713 902 inpleuere
741 850 966 889 Caesarum
1004 851 1194 890 atrium?
1257 851 1372 890 nulla

105 930 188 956 non
220 917 369 956 harum
402 918 542 968 aliquo
573 930 744 956 suorum
775 917 1043 956 incommodo
1075 918 1246 969 insignis
1277 922 1369 964 est;

104 996 227 1023 nemo
254 997 338 1023 non
366 998 417 1023 ex
445 984 536 1023 istis
562 984 605 1023 in
632 988 929 1023 ornamentum
957 985 1218 1024 saeculorum
1248 986 1371 1024 reful-

103 1050 300 1102 gentibus
324 1051 425 1090 uiris
452 1055 525 1090 aut
552 1051 756 1090 desiderio
783 1065 954 1090 suorum
975 1056 1113 1091 tortus
1140 1056 1215 1098 est,
1245 1057 1319 1091 aut
1347 1066 1371 1091 a

47 1134 84 1166 15
103 1118 189 1157 suis
205 1131 301 1157 cum
318 1118 505 1157 maximo
524 1118 652 1157 animi
671 1118 860 1157 cruciatu
878 1119 1140 1158 desideratus
1157 1124 1233 1158 est.
1268 1120 1371 1170 quid
1391 1135 1413 1168 4

103 1185 182 1224 tibi
203 1185 379 1224 referam
401 1185 638 1236 Scipionem
660 1185 919 1232 Africanum,
943 1187 1009 1225 cui
1030 1199 1143 1225 mors
1165 1187 1306 1225 fratris
1328 1187 1369 1225 in

102 1251 226 1291 exilio
260 1252 460 1291 nuntiata
493 1256 556 1291 est
577 1252 591 1291 ?
653 1252 687 1291 is
721 1253 863 1299 frater,
900 1253 971 1304 qui
1007 1253 1160 1305 eripuit
1195 1254 1369 1292 fratrem

103 1318 270 1366 carceri,
297 1332 381 1358 non
407 1319 549 1370 potuit
576 1318 733 1370 eripere
759 1320 861 1358 fato.
921 1324 961 1358 et
989 1334 1118 1371 quam
1144 1320 1371 1372 impatiens

72 1377 203 1424 iuris
234 1385 357 1437 aequi
373 1379 525 1438 pietas
555 1386 742 1425 Africani
775 1387 913 1432 fuerit
947 1387 1110 1426 cunctis
1142 1388 1368 1439 apparuit:

43 1466 85 1489 20
103 1452 250 1491 eodem
275 1452 386 1491 enim
411 1453 477 1492 die
502 1452 640 1504 Scipio
665 1453 900 1499 Africanus,
928 1467 1011 1504 quo
1037 1454 1212 1493 uiatoris
1236 1455 1370 1493 mani-

102 1519 182 1558 bus
198 1519 372 1559 fratrem
389 1520 636 1566 abstulerat,
655 1520 826 1559 tribuno
843 1534 1011 1571 quoque
1027 1521 1160 1572 plebis
1176 1521 1370 1572 priuatus

103 1585 350 1637 intercessit.
409 1591 499 1626 tam
534 1599 688 1638 magno
724 1590 868 1626 tamen
905 1588 1078 1626 fratrem
1114 1588 1368 1627 desiderauit

103 1652 170 1692 hic
206 1653 360 1699 animo,
397 1666 527 1704 quam
563 1654 822 1693 defenderat.
882 1654 985 1705 quid
1017 1655 1194 1693 referam
1230 1656 1408 1701 Aemi-5

102 1719 262 1758 lianum
286 1720 537 1772 Scipionem,
563 1720 636 1771 qui
659 1733 744 1759 uno
767 1734 901 1772 paene
925 1722 1156 1773 eodemque
1180 1726 1370 1773 tempore

43 1795 82 1827 25
102 1786 313 1837 spectauit
366 1787 500 1838 patris
553 1787 817 1839 triumphum
871 1788 1135 1849 duorumque
1189 1789 1369 1828 fratrum

102 1853 277 1892 funera
269 1853 284 1882 Ρ
346 1854 685 1893 adulescentulus
706 1858 850 1893 tamen
872 1868 919 1894 ac
939 1842 1245 1906 propemodum
1266 1869 1371 1907 puer

101 1923 225 1959 tanto
258 1920 398 1959 animo
431 1921 531 1960 tulit
563 1920 678 1960 illam
710 1921 894 1960 familiae
927 1935 1039 1968 suae,
1073 1936 1198 1974 super
1230 1923 1369 1974 ipsum

171 1996 188 2023 9
213 1992 407 2024 innumera
433 1992 595 2034 Lipsius,
628 1993 719 2024 mira
745 1994 785 2030 O,
815 1994 946 2025 misera
973 1994 1098 2026 Gruter
1184 1996 1302 2027 fastus
1327 1996 1366 2033 Ο,

101 2044 216 2076 fastos
244 2045 275 2075 Β
307 2055 393 2076 corr.
530 2049 568 2076 15
605 2046 726 2077 omnia
752 2046 835 2078 inde
862 2057 883 2078 α
913 2049 967 2086 §4
995 2058 1102 2089 usque
1129 2049 1175 2079 ad
1201 2059 1228 2080 c.
1250 2058 1289 2088 15
1316 2051 1369 2086 ξ.»

100 2096 245 2128 aliunde
282 2097 460 2129 inculcata
498 2107 570 2129 esse
607 2098 783 2129 contendit
825 2099 875 2129 W.
915 2099 1067 2130 Gemoll:
1118 2100 1250 2131 Seneca
1293 2101 1368 2142 ipse

98 2157 213 2180 errare
237 2149 352 2189 potuit
444 2153 482 2180 18
506 2149 642 2181 carceri
667 2150 880 2191 Wesenberg,
909 2160 1052 2182 carcere
1075 2152 1102 2182 O
1181 2156 1220 2183 20
1247 2152 1368 2193 Scipio

99 2199 294 2232 Africanus
310 2201 440 2233 delebat
456 2202 621 2233 Muretus

1166 2273 1264 2307 4—2
