1623 2444
536 86 622 122 AD
663 86 787 122 HEL
801 85 957 121 VIAM
1323 85 1370 131 85

105 196 320 248 polluisti;
373 208 606 246 numquam
641 195 719 234 tibi
753 195 912 247 placuit
948 194 1091 240 uestis,
1128 207 1237 245 quae
1272 193 1374 233 nihil

106 263 286 315 amplius
348 263 526 302 nudaret
589 275 685 301 cum
739 266 993 313 poneretur:
1068 261 1241 300 unicum
1295 259 1374 299 tibi

106 334 416 375 ornamentum,
460 329 741 381 pulcherrima
784 333 825 367 et
869 329 971 367 nulli
1014 328 1199 367 obnoxia
1242 327 1372 366 aetati

106 397 254 443 forma,
301 396 537 435 maximum
582 396 721 442 decus,
768 396 860 435 uisa
905 400 967 434 est
1012 395 1230 447 pudicitia.
1291 401 1415 438 non5

68 473 84 507 5
106 468 228 516 potes
248 463 393 514 itaque
415 463 469 502 ad
490 463 769 514 optinendum
791 462 977 501 dolorem
997 452 1375 501 muliebrffhomen

106 530 394 583 praetendere,
435 543 487 569 ex
525 543 609 581 quo
648 534 690 568 te
728 529 910 568 uirtutes
948 534 1048 568 tuae
1086 529 1373 568 seduxerunt:

108 601 280 637 tantum
303 597 430 636 debes
454 610 478 635 a
502 597 754 635 feminarum
776 596 958 635 lacrimis
983 596 1139 641 abesse,
1165 599 1374 646 quantum

108 664 235 704 uitiis.
296 676 347 702 ne
394 663 575 702 feminae
622 663 793 714 quidem
842 667 884 701 te
932 663 1070 702 sinent
1117 662 1379 701 intabescere

109 731 267 770 uolneri
300 735 388 774 tuo.
420 731 493 769 sed
528 730 595 769 uel
623 730 693 781 pio
723 729 1038 781 necessarioque
1069 742 1257 768 maerore
1293 729 1378 768 cito

50 812 88 834 10
109 798 355 837 defunctam
388 797 595 836 iubebunt
625 810 857 848 exsurgere,
885 797 917 836 si
947 797 1074 835 modo
1105 797 1196 836 illas
1226 795 1379 835 intueri

109 865 224 904 uoles
259 864 448 910 feminas,
485 877 591 915 quas
632 868 859 916 conspecta
892 863 1028 903 uirtus
1062 864 1172 902 inter
1205 876 1381 914 magnos

109 932 222 971 uiros
243 931 398 983 posuit.
458 931 692 970 Corneliam
715 944 766 969 ex
789 931 1011 970 duodecim
1034 930 1175 969 liberis
1199 930 1252 969 ad
1275 931 1381 969 duos
1402 930 1423 965 6

110 998 282 1037 fortuna
298 998 513 1049 redegerat
533 1009 540 1036 :
560 998 593 1037 si
610 1011 829 1037 numerare
846 998 995 1036 funera
1009 997 1223 1037 Corneliae
1239 997 1379 1043 uelles,

112 1065 309 1105 amiserat
352 1065 509 1111 decem,
545 1065 577 1103 si
627 1065 861 1111 aestimare,
907 1065 1103 1103 amiserat
1155 1064 1379 1103 Gracchos.

53 1145 89 1179 15
111 1132 311 1172 flentibus
341 1136 486 1171 tamen
516 1131 625 1171 circa
653 1145 696 1171 se
727 1136 768 1171 et
799 1132 937 1170 fatum
967 1132 1055 1171 eius
1085 1131 1381 1170 execrantibus

110 1198 330 1238 interdixit
366 1212 417 1237 ne
452 1199 686 1238 Fortunam
723 1203 981 1244 accusarent,
1018 1212 1127 1249 quae
1162 1198 1240 1237 sibi
1276 1198 1382 1237 filios

113 1266 324 1305 Gracchos
351 1265 548 1304 dedisset.
607 1278 658 1304 ex
686 1266 764 1305 hac
792 1265 949 1304 femina
976 1265 1123 1305 debuit
1152 1265 1279 1312 nasci,
1309 1265 1381 1316 qui

112 1333 268 1372 diceret
288 1332 331 1371 in
351 1332 547 1371 contione
567 1344 575 1371 :
614 1332 621 1346 ‘
642 1337 691 1372 tu
710 1332 837 1372 matri
856 1345 975 1372 meae
994 1333 1104 1371 male
1124 1332 1251 1378 dicas,
1273 1345 1382 1383 quae

112 1413 179 1439 me
209 1399 408 1451 peperit?
432 1399 440 1412 '
499 1399 635 1438 multo
666 1399 769 1438 mihi
800 1413 885 1439 uox
916 1399 1065 1438 matris
1095 1399 1266 1438 uidetur
1297 1399 1384 1438 ani-

52 1480 93 1502 20
112 1467 268 1506 mosior
287 1478 294 1505 :
332 1466 441 1505 filius
461 1480 616 1518 magno
636 1467 879 1505 aestimauit
900 1467 1185 1506 Gracchorum
1206 1467 1381 1512 natales,

112 1538 250 1572 mater
279 1537 320 1572 et
351 1533 511 1572 funera.
572 1533 734 1572 Rutilia
763 1533 935 1572 Cottam
971 1533 1104 1572 filium
1140 1537 1286 1573 secuta
1321 1537 1425 1579 est7

114 1600 156 1639 in
190 1599 363 1638 exilium
398 1603 439 1638 et
474 1613 607 1651 usque
642 1613 690 1639 eo
726 1599 805 1639 fuit
841 1600 1105 1651 indulgentia
1139 1600 1383 1646 constricta,

113 1671 162 1706 ut
186 1666 331 1706 mallet
357 1667 529 1705 exilium
554 1667 644 1718 pati
669 1680 799 1718 quam
817 1667 1090 1734 desiderium,
1118 1680 1193 1706 nec
1219 1671 1318 1706 ante
1342 1667 1385 1706 in

115 1733 299 1785 patriam
319 1746 448 1784 quam
468 1746 564 1773 cum
584 1734 669 1772 filio
689 1734 825 1773 rediit.
885 1734 1065 1773 eundem
1084 1734 1168 1772 iam
1189 1735 1385 1773 reducem

54 1814 93 1847 25
115 1804 158 1839 et
177 1800 221 1839 in
240 1800 455 1851 republica
474 1800 694 1840 florentem
714 1805 805 1840 tam
825 1801 992 1840 fortiter
1012 1800 1151 1840 amisit
1173 1814 1302 1852 quam
1323 1815 1384 1840 se-

116 1871 217 1906 cuta
252 1871 328 1913 est,
366 1879 442 1905 nec
478 1867 703 1918 quisquam
738 1868 932 1906 lacrimas
968 1867 1056 1906 eius
1091 1872 1187 1919 post
1225 1868 1385 1907 elatum

116 1933 248 1973 filium
294 1933 475 1972 notauit.
534 1934 577 1972 in
623 1935 797 1986 expulso
843 1935 1048 1973 uirtutem
1094 1935 1294 1980 ostendit,
1343 1936 1386 1974 in

117 2000 270 2039 amisso
306 2000 578 2051 prudentiam
598 2013 606 2047 ;
660 2014 759 2040 narn
796 2005 837 2040 et
875 2001 977 2040 nihil
1013 2001 1128 2040 illam
1166 2014 1188 2040 a
1225 2001 1387 2052 pietate

184 2122 202 2149 2
231 2128 315 2149 cum
342 2120 540 2159 poneretur
567 2117 728 2159 Lipsius,
761 2122 1044 2160 componeretur
1070 2118 1099 2149 A
1197 2123 1214 2150 9
1240 2120 1298 2151 uel
1326 2120 1386 2161 pio

117 2168 392 2210 necessarioque
431 2169 539 2206 Gertz,
578 2169 692 2200 leuior
733 2169 935 2200 necessario
971 2168 999 2199 A
1123 2174 1161 2200 17
1202 2170 1385 2201 dedisset:

116 2220 314 2252 ademisset
339 2220 483 2261 Bentley
574 2224 613 2251 20
640 2220 854 2253 aestimauit
877 2221 1011 2259 Haase,
1040 2221 1231 2253 estimabit
1257 2221 1285 2252 A
1331 2233 1338 2246 ,-
