1623 2444
232 46 276 80 16
734 48 972 85 SENECA

224 167 369 194 corum
391 169 599 196 annorum
620 157 899 197 accessionem
920 159 1032 197 uotis
1052 159 1297 198 mendicant
1318 171 1324 197 :
1363 159 1496 198 mino-

225 235 288 261 res
313 227 419 262 natu
444 236 487 262 se
512 224 624 275 ipsos
649 238 737 264 esse
762 224 948 276 fingunt;
986 226 1206 265 mendacio
1228 226 1305 265 sibi
1332 225 1495 265 blandi-

224 294 355 328 untur
386 294 427 329 et
459 294 550 330 tam
580 292 760 331 libenter
790 305 833 332 se
864 293 1017 332 fallunt
1052 306 1182 344 quam
1214 293 1247 333 si
1279 306 1365 332 una
1404 293 1495 332 fata

224 356 450 409 decipiant.
509 358 595 398 iam
637 372 737 398 uero
781 373 878 400 cum
922 360 1013 399 illos
1058 360 1200 411 aliqua
1243 360 1494 400 inbecillitas

224 425 499 465 mortalitatis
516 426 753 475 admonuit,
770 428 1131 478 quemadmodum
1147 432 1353 479 pauentes
1369 426 1494 478 mori·
1517 439 1532 471 5

223 495 366 539 untur,
398 505 482 532 non
513 496 736 544 tamquam
766 498 919 533 exeant
952 495 1003 533 de
1037 493 1129 533 uita
1162 495 1236 534 sed
1270 499 1493 545 tamquam

223 559 531 599 extrahantur!
591 560 745 600 stultos
786 574 829 600 se
870 561 1010 607 fuisse,
1054 561 1126 612 qui
1168 574 1253 601 non
1294 560 1491 604 uixerint,

222 624 445 666 clamitant
471 630 528 673 et,
554 626 588 666 si
613 627 740 666 modo
766 628 976 667 euaserint
1003 641 1053 666 ex
1079 628 1150 667 illa
1174 628 1422 673 ualitudine,
1450 627 1493 666 in

223 692 311 731 otio
336 693 552 740 uicturos;
584 697 700 740 tunc,
723 707 853 746 quam
881 695 1040 734 frustra
1062 695 1307 746 parauerint
1338 694 1493 746 quibus

222 772 306 799 non
326 760 577 807 fruerentur,
595 774 726 812 quam
742 762 784 801 in
803 775 969 816 cassum
989 762 1125 801 omnis
1143 762 1339 802 ceciderit
1359 761 1490 808 labor,
1518 779 1555 801 10

221 827 425 878 cogitant.
486 832 528 867 at
570 828 724 879 quibus
762 828 855 868 uita
892 829 1037 881 procul
1077 829 1131 868 ab
1169 829 1284 868 omni
1324 828 1493 881 negotio

222 893 373 945 agitur,
404 895 552 946 quidni
582 894 770 946 spatiosa
798 895 850 935 sit
872 896 899 945 ?¹
949 896 1051 935 nihil
1081 909 1132 935 ex
1161 895 1232 935 illa
1260 896 1491 948 delegatur,

221 960 325 1000 nihil
361 961 442 1001 alio
479 966 610 1013 atque
646 962 727 1001 alio
763 955 986 1014 spargitur,
1025 963 1127 1002 nihil
1164 963 1261 1002 inde
1296 963 1493 1003 fortunae

221 1028 419 1075 traditur,
465 1028 568 1068 nihil
613 1029 876 1081 neglegentia
919 1029 1077 1076 interit,
1125 1029 1227 1069 nihil
1271 1029 1492 1081 largitione

220 1094 471 1142 detrahitur,
521 1095 623 1134 nihil
669 1108 980 1148 superuacuum
1026 1101 1116 1136 est:
1181 1100 1288 1143 tota,
1334 1100 1384 1136 ut
1430 1096 1492 1136 ita
1516 1106 1551 1140 15

220 1161 372 1209 dicam,
392 1162 435 1202 in
454 1162 593 1202 reditu
612 1166 687 1202 est.
747 1164 1139 1215 quantulacumque
1157 1163 1304 1215 itaque
1323 1162 1492 1203 abunde

219 1229 387 1276 sufficit,
412 1233 454 1269 et
477 1229 584 1276 ide0,
609 1230 866 1282 quandoque
898 1230 1074 1270 ultimus
1096 1230 1183 1270 dies
1206 1230 1382 1277 uenerit,
1406 1242 1492 1269 non

219 1296 493 1336 cunctabitur
519 1296 686 1348 sapiens
713 1296 772 1336 ire
800 1297 855 1337 ad
882 1301 1063 1337 mortem
1091 1301 1206 1336 certo
1233 1297 1379 1349 gradu.

305 1372 382 1406 12.
439 1363 615 1415 Quaeris
647 1364 838 1410 fortasse,
884 1377 989 1416 quos
1033 1368 1262 1416 occupatos
1304 1363 1488 1404 uocem?

219 1443 304 1470 non
329 1434 391 1470 est
421 1431 537 1482 quod
562 1444 630 1471 me
658 1431 768 1471 solos
796 1435 921 1483 putes
951 1432 1100 1478 dicere,
1127 1443 1234 1483 quos
1264 1444 1288 1470 a
1316 1430 1490 1470 basilica
1513 1446 1554 1468 20

219 1497 379 1537 inmissi
407 1498 580 1537 demum
607 1511 733 1538 canes
760 1498 930 1544 eiciunt,
960 1511 1067 1549 quos
1095 1502 1169 1537 aut
1198 1498 1240 1537 in
1268 1511 1346 1537 sua
1372 1497 1492 1537 uides

219 1564 347 1604 turba
367 1564 596 1616 speciosius
618 1557 714 1604 elidi
738 1569 813 1605 aut
836 1566 879 1605 in
902 1565 1038 1605 aliena
1059 1565 1359 1616 contemptius,
1383 1577 1491 1616 quos

217 1631 355 1671 officia
379 1632 575 1671 domibus
599 1632 685 1672 suis
700 1636 880 1672 euocant
895 1636 943 1671 ut
961 1632 1105 1671 alienis
1119 1632 1280 1671 foribus
1293 1631 1488 1677 inlidant,

218 1703 289 1738 aut
319 1699 444 1738 hasta
472 1699 680 1750 praetoris
710 1699 857 1738 infami
887 1699 1002 1738 lucro
1033 1703 1074 1738 et
1105 1699 1362 1750 quandoque
1392 1711 1489 1750 sup-

218 1769 424 1817 puraturo
442 1770 620 1807 exercet.
680 1766 949 1818 quorundam
966 1766 1101 1805 otium
1120 1770 1377 1817 occupatum
1394 1769 1457 1804 est
1478 1777 1485 1804 :
1510 1779 1548 1812 25

218 1832 261 1872 in
282 1833 383 1872 uilla
404 1836 478 1872 aut
499 1833 543 1872 in
563 1822 673 1872 lecto
693 1846 783 1879 suo,
806 1833 848 1872 in
870 1833 1010 1872 media
1030 1832 1269 1879 solitudine,
1292 1831 1489 1884 quamuis

219 1899 273 1938 ab
288 1900 485 1940 omnibus
501 1900 758 1947 recesserint,
775 1900 854 1939 sibi
870 1900 948 1951 ipsi
964 1899 1130 1939 molesti
1146 1904 1245 1939 sunt
1266 1912 1273 1938 :
1307 1911 1489 1951 quorum

218 1979 303 2006 non
338 1967 476 2006 otiosa
507 1967 599 2006 uita
624 1967 803 2006 dicenda
828 1970 890 2006 est
917 1967 991 2006 sed
1016 1966 1226 2006 desidiosa
1251 1965 1486 2018 occupatiO.

217 2032 335 2073 illum
377 2038 427 2073 tu
468 2034 653 2073 otiosum
694 2046 822 2073 uocas
864 2034 936 2084 qui
979 2033 1209 2080 Corinthia,
1254 2039 1488 2084 paucorum

290 2132 307 2158 7
334 2127 399 2169 qui
416 2128 579 2169 Madvig,
598 2130 642 2159 ut
657 2127 686 2158 A
809 2131 848 2159 20
875 2137 936 2159 eos
958 2127 1054 2159 solos
1074 2127 1175 2159 malit
1197 2127 1294 2159 Gertz
1410 2130 1448 2158 20
1471 2135 1490 2158 e

217 2177 367 2212 basilica
384 2181 483 2212 Gertz
579 2185 619 2211 24
645 2182 711 2211 aut
727 2181 807 2212 add.
827 2181 871 2211 M
874 2179 988 2219 advig,
1008 2190 1101 2222 quos
1120 2186 1147 2213 ε·
