1623 2444
169 1389 190 1424 Q>

209 55 257 98 84
719 53 958 90 SENECA

207 165 458 205 aduocanda
481 168 558 211 est,
585 169 626 203 et
652 165 769 203 uelut
795 177 891 203 cum
911 165 1032 203 hoste
1048 169 1151 204 noto
1169 178 1216 204 ac
1241 177 1365 216 saepe
1388 164 1473 203 iam

207 231 322 271 uicto
343 232 477 271 acrius
502 231 870 283 congrediendum.
930 244 1014 270 non
1039 244 1090 271 ex
1115 231 1278 271 intacto
1302 243 1474 283 corpore

207 305 282 338 tuo
299 299 468 351 sanguis
484 299 550 338 hic
566 298 690 337 fluxit
709 310 715 337 :
754 310 828 350 per
845 298 958 350 ipsas
973 298 1187 338 cicatrices
1205 311 1403 351 percussa
1417 310 1471 337 es.

293 362 364 406 16.
424 366 520 405 Non
551 369 613 405 est
648 366 762 416 quod
796 365 929 404 utaris
959 366 1230 405 excusatione
1258 364 1474 405 muliebris

208 433 400 479 nominis,
438 433 503 472 cui
538 444 672 484 paene
707 445 950 471 concessum
985 437 1048 472 est
1083 433 1397 472 inmoderatum
1431 432 1474 469 in

207 499 389 539 lacrimis
413 499 488 546 ius,
515 512 600 538 non
624 499 861 538 inmensum
886 503 1030 538 tamen
1051 511 1058 538 :
1101 503 1142 538 et
1172 499 1265 538 ideo
1295 498 1474 538 maiores

207 567 351 605 decem
371 579 564 605 mensum
584 566 770 618 spatium
790 566 1031 617 lugentibus
1051 566 1163 605 uiros
1183 566 1403 612 dederunt,
1424 569 1474 604 ut

208 647 304 673 cum
334 633 568 685 pertinacia
597 633 811 672 muliebris
841 633 1041 672 maeroris
1070 633 1241 685 publica
1270 632 1476 672 constitu-

209 701 323 740 tione
348 701 600 740 deciderent.
660 713 744 739 non
768 700 1075 752 prohibuerunt
1100 700 1239 739 luctus
1264 700 1336 738 sed
1360 699 1475 739 finie—

209 772 308 807 runt
329 780 337 815 ;
378 780 477 807 nam
511 771 552 806 et
577 766 743 806 infinito
768 767 922 813 dolore,
948 779 1045 806 cum
1070 766 1253 818 aliquem
1277 779 1328 805 ex
1352 766 1477 806 caris-

210 835 324 874 simis
351 834 549 880 amiseris,
574 833 709 880 adfici,
732 834 866 872 stulta
889 833 1152 885 indulgentia
1178 838 1253 880 est,
1277 838 1319 873 et
1346 833 1475 880 nullo,

210 902 442 941 inhumana
495 901 678 940 duritia:
750 900 960 952 optimum
1013 900 1124 939 inter
1175 900 1380 952 pietatem
1434 903 1477 940 et

210 969 417 1008 rationem
446 973 831 1020 temperamentum
861 972 937 1013 est,
969 972 1010 1005 et
1040 967 1194 1006 sentire
1224 967 1477 1006 desiderium

211 1041 252 1075 et
289 1036 555 1089 opprimere-‚d¹
595 1048 679 1074 non
716 1038 779 1073 est
815 1034 930 1085 quod
967 1034 1021 1073 ad
1056 1035 1263 1085 quasdam
1300 1034 1478 1073 feminas

211 1103 418 1155 respicias,
457 1115 638 1153 quarum
674 1101 893 1140 tristitiam
937 1101 1063 1139 semel
1106 1105 1322 1153 sumptam
1364 1113 1478 1141 mors

211 1170 349 1209 finiuit
392 1169 517 1221 (nosti
555 1169 775 1220 quasdam,
816 1181 924 1219 quae
963 1168 1125 1207 amissis
1162 1168 1256 1207 filiis
1294 1168 1479 1220 inposita

212 1237 405 1289 lugubria
433 1249 667 1287 numquam
697 1234 918 1286 exuerunt)
942 1246 949 1273 :
982 1248 1006 1273 a
1034 1239 1077 1274 te
1106 1235 1200 1286 plus
1229 1235 1357 1287 exigit
1387 1235 1478 1274 uita

212 1305 266 1343 ab
287 1304 407 1343 initio
428 1303 588 1342 fortior.
643 1315 727 1341 non
747 1306 888 1353 potest
910 1302 1124 1340 muliebris
1145 1302 1360 1341 excusatio
1382 1315 1478 1341 con-

213 1372 372 1423 tingere
392 1371 427 1409 ei
450 1384 474 1409 a
494 1383 579 1421 qua
598 1369 741 1408 omnia
760 1368 981 1408 muliebria
1000 1368 1107 1407 uitia
1128 1369 1337 1408 afuerunt.
1394 1381 1478 1408 non

213 1443 255 1477 te
273 1438 508 1477 maximum
528 1437 680 1476 saeculi
705 1436 878 1482 malum,
900 1435 1161 1487 inpudicitia,
1189 1436 1231 1475 in
1256 1449 1479 1475 numerum

212 1505 396 1556 plurium
428 1504 636 1550 adduxit;
685 1516 768 1542 non
800 1515 990 1554 gemmae
1021 1507 1076 1549 te,
1110 1516 1194 1541 non
1225 1503 1479 1555 margaritae

212 1573 420 1611 flexerunt
442 1584 448 1614 :
493 1584 577 1610 non
605 1570 683 1609 tibi
711 1570 886 1609 diuitiae
913 1569 1030 1608 uelut
1057 1570 1293 1609 maximum
1319 1569 1480 1621 generis

213 1639 387 1678 humani
410 1639 571 1677 bonum
595 1637 847 1676 refulserunt
867 1648 875 1683 ;
917 1649 1002 1675 non
1025 1640 1080 1682 te,
1106 1636 1213 1675 bene
1236 1637 1279 1675 in
1304 1637 1481 1688 antiqua

214 1710 255 1745 et
288 1718 434 1745 seuera
465 1705 708 1744 institutam
741 1704 880 1749 domo,
913 1703 1146 1755 periculosa
1178 1704 1307 1742 etiam
1338 1703 1481 1756 probis

214 1773 403 1825 peiorum
428 1772 604 1811 detorsit
629 1770 812 1809 imitatio
832 1782 841 1816 ;
882 1783 1116 1821 numquam
1141 1774 1183 1809 te
1207 1770 1481 1810 fecunditatis

215 1845 327 1886 tuae,
353 1839 473 1891 quasi
499 1838 772 1891 exprobraret
798 1841 996 1883 aetatem,
1022 1837 1176 1888 puduit
1196 1849 1205 1884 ;
1247 1850 1481 1888 numquam

215 1919 331 1945 more
360 1907 548 1952 aliarum,
579 1905 733 1956 quibus
760 1903 897 1943 omnis
924 1904 1237 1943 commendatio
1267 1917 1317 1943 ex
1346 1905 1483 1943 forma

215 1973 388 2025 petitur,
426 1976 732 2012 tumescentem
767 1975 936 2010 uterum
973 1971 1230 2010 abscondisti
1266 1971 1386 2022 quasi
1421 1971 1489 2010 in-'

173 2053 196 2085 4
216 2041 367 2079 decens
409 2053 516 2079 onus
535 2052 543 2086 ;
604 2052 689 2078 non
732 2038 882 2077 faciem
925 2037 1134 2077 coloribus
1178 2051 1226 2077 ac
1268 2038 1483 2077 lenociniis

283 2129 301 2156 6
319 2125 476 2156 lacrimis
491 2124 638 2165 scripsi:
658 2122 867 2155 lacrimasA
920 2122 976 2154 ius
993 2126 1032 2160 ς’,
1046 2122 1163 2154 eiusA
1214 2127 1251 2154 19
1270 2122 1460 2155 fueruntA
1475 2132 1482 2155 :

213 2190 302 2214 carr.
321 2181 461 2213 Fz‘ckert
553 2183 590 2210 21
617 2179 775 2211 abduxit
791 2178 892 2211 malit
908 2178 1007 2210 Gertz

1495 442 1512 474 5

1500 775 1538 797 10

1501 1110 1538 1144 15

1499 1449 1541 1471 20

1501 1777 1541 1812 25
