<?xml version="1.0" encoding="UTF-8"?>
<!DOCTYPE html PUBLIC "-//W3C//DTD XHTML 1.0 Transitional//EN"
    "http://www.w3.org/TR/xhtml1/DTD/xhtml1-transitional.dtd">
<html xmlns="http://www.w3.org/1999/xhtml" xml:lang="en" lang="en">
 <head>
  <title>
</title>
<meta http-equiv="Content-Type" content="text/html;charset=utf-8" />
  <meta name='ocr-system' content='tesseract 3.04.00' />
  <meta name='ocr-capabilities' content='ocr_page ocr_carea ocr_par ocr_line ocrx_word'/>
</head>
<body>
  <div class='ocr_page' id='page_1' title='image "./dialogorumliberx00seneuoft_0091.png"; bbox 0 0 1623 2444; ppageno 0'>
   <div class='ocr_carea' id='block_1_1' title="bbox 525 55 1378 101">
    <p class='ocr_par' dir='ltr' id='par_1_1' title="bbox 525 55 1378 101">
     <span class='ocr_line' id='line_1_1' title="bbox 525 55 1378 101; baseline -0.001 -11"><span class='ocrx_word' id='word_1_1' title='bbox 525 55 561 90; x_wconf 81' lang='lat' dir='ltr'><em>A</em></span> <span class='ocrx_word' id='word_1_2' title='bbox 568 55 612 90; x_wconf 82' lang='lat' dir='ltr'><em>D</em></span> <span class='ocrx_word' id='word_1_3' title='bbox 644 55 716 91; x_wconf 81' lang='grc' dir='ltr'>ΡΑ</span> <span class='ocrx_word' id='word_1_4' title='bbox 734 55 796 91; x_wconf 64' lang='grc' dir='ltr'>ΡΖ</span> <span class='ocrx_word' id='word_1_5' title='bbox 803 56 877 91; x_wconf 62' lang='lat' dir='ltr'>[JV</span> <span class='ocrx_word' id='word_1_6' title='bbox 886 56 969 91; x_wconf 73' lang='lat' dir='ltr'>VM</span> <span class='ocrx_word' id='word_1_7' title='bbox 1332 67 1350 89; x_wconf 90' lang='lat'><strong>2</strong></span> <span class='ocrx_word' id='word_1_8' title='bbox 1357 66 1378 101; x_wconf 83' lang='lat'><strong>3</strong></span> 
     </span>
    </p>
   </div>
   <div class='ocr_carea' id='block_1_2' title="bbox 51 163 1422 1955">
    <p class='ocr_par' dir='ltr' id='par_1_2' title="bbox 55 163 1420 884">
     <span class='ocr_line' id='line_1_2' title="bbox 112 163 1380 216; baseline -0.002 -11"><span class='ocrx_word' id='word_1_9' title='bbox 112 165 271 205; x_wconf 91' lang='lat' dir='ltr'>miseris</span> <span class='ocrx_word' id='word_1_10' title='bbox 323 178 467 214; x_wconf 13' lang='lat' dir='ltr'>suum,</span> <span class='ocrx_word' id='word_1_11' title='bbox 498 177 695 203; x_wconf 91' lang='lat' dir='ltr'>somnum</span> <span class='ocrx_word' id='word_1_12' title='bbox 747 164 1042 216; x_wconf 76' lang='lat' dir='ltr'>rumpentibus</span> <span class='ocrx_word' id='word_1_13' title='bbox 1094 168 1142 203; x_wconf 91' lang='lat' dir='ltr'>ut</span> <span class='ocrx_word' id='word_1_14' title='bbox 1196 163 1380 202; x_wconf 88' lang='lat' dir='ltr'>alienum</span> 
     </span>
     <span class='ocr_line' id='line_1_3' title="bbox 112 229 1380 284; baseline -0.002 -13"><span class='ocrx_word' id='word_1_15' title='bbox 112 236 350 284; x_wconf 80' lang='lat' dir='ltr'>expectent,</span> <span class='ocrx_word' id='word_1_16' title='bbox 381 231 454 270; x_wconf 85' lang='lat' dir='ltr'>uix</span> <span class='ocrx_word' id='word_1_17' title='bbox 485 231 692 270; x_wconf 84' lang='lat' dir='ltr'>adleuatis</span> <span class='ocrx_word' id='word_1_18' title='bbox 720 231 847 270; x_wconf 89' lang='lat' dir='ltr'>labris</span> <span class='ocrx_word' id='word_1_19' title='bbox 876 231 1187 270; x_wconf 79' lang='lat' dir='ltr'><strong>insusurratum</strong></span> <span class='ocrx_word' id='word_1_20' title='bbox 1216 229 1380 269; x_wconf 90' lang='lat' dir='ltr'>miliens</span> 
     </span>
     <span class='ocr_line' id='line_1_4' title="bbox 112 296 1420 348; baseline -0.002 -10"><span class='ocrx_word' id='word_1_21' title='bbox 112 312 265 339; x_wconf 92' lang='lat' dir='ltr'>nomen</span> <span class='ocrx_word' id='word_1_22' title='bbox 312 297 561 338; x_wconf 74' lang='lat' dir='ltr'>oscitatione</span> <span class='ocrx_word' id='word_1_23' title='bbox 607 297 906 348; x_wconf 89' lang='lat' dir='ltr'>superbissima</span> <span class='ocrx_word' id='word_1_24' title='bbox 951 298 1154 337; x_wconf 64' lang='lat' dir='ltr'>reddenti</span> <span class='ocrx_word' id='word_1_25' title='bbox 1215 297 1291 336; x_wconf 93' lang='lat' dir='ltr'>hos</span> <span class='ocrx_word' id='word_1_26' title='bbox 1336 296 1379 335; x_wconf 92' lang='lat' dir='ltr'>in</span> <span class='ocrx_word' id='word_1_27' title='bbox 1402 306 1420 343; x_wconf 87' lang='lat'><em>5</em></span> 
     </span>
     <span class='ocr_line' id='line_1_5' title="bbox 112 362 1379 416; baseline -0.002 -12"><span class='ocrx_word' id='word_1_28' title='bbox 112 365 221 405; x_wconf 90' lang='lat' dir='ltr'>ueris</span> <span class='ocrx_word' id='word_1_29' title='bbox 249 364 393 404; x_wconf 87' lang='lat' dir='ltr'>officiis</span> <span class='ocrx_word' id='word_1_30' title='bbox 422 364 575 403; x_wconf 88' lang='lat' dir='ltr'>morari</span> <span class='ocrx_word' id='word_1_31' title='bbox 600 364 696 403; x_wconf 89' lang='lat' dir='ltr'>licet</span> <span class='ocrx_word' id='word_1_32' title='bbox 726 364 927 410; x_wconf 90' lang='lat' dir='ltr'>dicamus,</span> <span class='ocrx_word' id='word_1_33' title='bbox 954 364 1026 416; x_wconf 93' lang='lat' dir='ltr'>qui</span> <span class='ocrx_word' id='word_1_34' title='bbox 1051 365 1275 410; x_wconf 90' lang='lat' dir='ltr'>Zenonem,</span> <span class='ocrx_word' id='word_1_35' title='bbox 1306 362 1379 414; x_wconf 90' lang='lat' dir='ltr'>qui</span> 
     </span>
     <span class='ocr_line' id='line_1_6' title="bbox 77 429 1380 483; baseline -0.002 -12"><span class='ocrx_word' id='word_1_36' title='bbox 77 433 384 483; x_wconf 87' lang='lat' dir='ltr'>5Pythagoran</span> <span class='ocrx_word' id='word_1_37' title='bbox 415 431 569 470; x_wconf 85' lang='lat' dir='ltr'>cotidie</span> <span class='ocrx_word' id='word_1_38' title='bbox 598 435 640 470; x_wconf 89' lang='lat' dir='ltr'>et</span> <span class='ocrx_word' id='word_1_39' title='bbox 669 431 961 470; x_wconf 87' lang='lat' dir='ltr'>Democritum</span> <span class='ocrx_word' id='word_1_40' title='bbox 994 435 1238 482; x_wconf 87' lang='lat' dir='ltr'>ceterosque</span> <span class='ocrx_word' id='word_1_41' title='bbox 1272 429 1380 468; x_wconf 88' lang='lat' dir='ltr'>anti-</span> 
     </span>
     <span class='ocr_line' id='line_1_7' title="bbox 111 497 1380 549; baseline -0.002 -11"><span class='ocrx_word' id='word_1_42' title='bbox 111 499 233 538; x_wconf 85' lang='lat' dir='ltr'>stites</span> <span class='ocrx_word' id='word_1_43' title='bbox 258 499 466 537; x_wconf 88' lang='lat' dir='ltr'>bonarum</span> <span class='ocrx_word' id='word_1_44' title='bbox 493 498 660 543; x_wconf 82' lang='lat' dir='ltr'>artium,</span> <span class='ocrx_word' id='word_1_45' title='bbox 683 498 755 549; x_wconf 89' lang='lat' dir='ltr'>qui</span> <span class='ocrx_word' id='word_1_46' title='bbox 774 498 1031 537; x_wconf 81' lang='lat' dir='ltr'>Aristotelen</span> <span class='ocrx_word' id='word_1_47' title='bbox 1050 502 1092 536; x_wconf 88' lang='lat' dir='ltr'>et</span> <span class='ocrx_word' id='word_1_48' title='bbox 1117 497 1380 549; x_wconf 89' lang='lat' dir='ltr'>Theophras-</span> 
     </span>
     <span class='ocr_line' id='line_1_8' title="bbox 112 565 1380 616; baseline -0.002 -11"><span class='ocrx_word' id='word_1_49' title='bbox 112 570 206 605; x_wconf 91' lang='lat' dir='ltr'>tum</span> <span class='ocrx_word' id='word_1_50' title='bbox 252 565 395 604; x_wconf 87' lang='lat' dir='ltr'>uolent</span> <span class='ocrx_word' id='word_1_51' title='bbox 444 565 598 603; x_wconf 90' lang='lat' dir='ltr'>habere</span> <span class='ocrx_word' id='word_1_52' title='bbox 645 578 774 616; x_wconf 89' lang='lat' dir='ltr'>quam</span> <span class='ocrx_word' id='word_1_53' title='bbox 822 565 1179 604; x_wconf 79' lang='lat' dir='ltr'>familiarissimos.</span> <span class='ocrx_word' id='word_1_54' title='bbox 1256 575 1380 603; x_wconf 91' lang='lat' dir='ltr'>nemo</span> 
     </span>
     <span class='ocr_line' id='line_1_9' title="bbox 112 630 1380 677; baseline -0.002 -6"><span class='ocrx_word' id='word_1_55' title='bbox 112 633 262 671; x_wconf 89' lang='lat' dir='ltr'>horum</span> <span class='ocrx_word' id='word_1_56' title='bbox 283 645 367 670; x_wconf 91' lang='lat' dir='ltr'>non</span> <span class='ocrx_word' id='word_1_57' title='bbox 387 631 572 677; x_wconf 90' lang='lat' dir='ltr'>uacabit,</span> <span class='ocrx_word' id='word_1_58' title='bbox 596 644 719 670; x_wconf 91' lang='lat' dir='ltr'>nemo</span> <span class='ocrx_word' id='word_1_59' title='bbox 740 644 825 670; x_wconf 91' lang='lat' dir='ltr'>non</span> <span class='ocrx_word' id='word_1_60' title='bbox 845 632 1087 671; x_wconf 89' lang='lat' dir='ltr'>uenientem</span> <span class='ocrx_word' id='word_1_61' title='bbox 1109 632 1163 670; x_wconf 90' lang='lat' dir='ltr'>ad</span> <span class='ocrx_word' id='word_1_62' title='bbox 1183 644 1226 670; x_wconf 91' lang='lat' dir='ltr'>se</span> <span class='ocrx_word' id='word_1_63' title='bbox 1247 630 1380 669; x_wconf 87' lang='lat' dir='ltr'>beati-</span> 
     </span>
     <span class='ocr_line' id='line_1_10' title="bbox 111 698 1380 749; baseline -0.002 -11"><span class='ocrx_word' id='word_1_64' title='bbox 111 712 238 745; x_wconf 90' lang='lat' dir='ltr'>orem,</span> <span class='ocrx_word' id='word_1_65' title='bbox 285 698 563 737; x_wconf 82' lang='lat' dir='ltr'>amantiorem</span> <span class='ocrx_word' id='word_1_66' title='bbox 607 698 669 737; x_wconf 92' lang='lat' dir='ltr'>sui</span> <span class='ocrx_word' id='word_1_67' title='bbox 715 698 916 744; x_wconf 86' lang='lat' dir='ltr'>dimittet,</span> <span class='ocrx_word' id='word_1_68' title='bbox 955 711 1078 738; x_wconf 91' lang='lat' dir='ltr'>nemo</span> <span class='ocrx_word' id='word_1_69' title='bbox 1122 710 1380 749; x_wconf 88' lang='lat' dir='ltr'>quemquam</span> 
     </span>
     <span class='ocr_line' id='line_1_11' title="bbox 55 763 1378 821; baseline -0.002 -16"><span class='ocrx_word' id='word_1_70' title='bbox 55 784 92 806; x_wconf 93' lang='lat'>10</span> <span class='ocrx_word' id='word_1_71' title='bbox 111 766 256 805; x_wconf 89' lang='lat' dir='ltr'>uacuis</span> <span class='ocrx_word' id='word_1_72' title='bbox 280 779 305 804; x_wconf 91' lang='lat' dir='ltr'>a</span> <span class='ocrx_word' id='word_1_73' title='bbox 326 779 368 804; x_wconf 91' lang='lat' dir='ltr'>se</span> <span class='ocrx_word' id='word_1_74' title='bbox 391 765 588 804; x_wconf 90' lang='lat' dir='ltr'>manibus</span> <span class='ocrx_word' id='word_1_75' title='bbox 611 765 725 804; x_wconf 88' lang='lat' dir='ltr'>abire</span> <span class='ocrx_word' id='word_1_76' title='bbox 748 765 936 817; x_wconf 88' lang='lat' dir='ltr'>patietur</span> <span class='ocrx_word' id='word_1_77' title='bbox 955 778 963 811; x_wconf 87' lang='lat'>;</span> <span class='ocrx_word' id='word_1_78' title='bbox 1004 770 1127 804; x_wconf 90' lang='lat' dir='ltr'>nocte</span> <span class='ocrx_word' id='word_1_79' title='bbox 1150 763 1378 821; x_wconf 86' lang='lat' dir='ltr'>conueniri‚</span> 
     </span>
     <span class='ocr_line' id='line_1_12' title="bbox 111 832 1107 884; baseline 0 -13"><span class='ocrx_word' id='word_1_80' title='bbox 111 832 308 878; x_wconf 87' lang='lat' dir='ltr'>interdiu,</span> <span class='ocrx_word' id='word_1_81' title='bbox 338 832 391 871; x_wconf 90' lang='lat' dir='ltr'>ab</span> <span class='ocrx_word' id='word_1_82' title='bbox 418 832 614 871; x_wconf 92' lang='lat' dir='ltr'>omnibus</span> <span class='ocrx_word' id='word_1_83' title='bbox 640 832 891 871; x_wconf 76' lang='lat' dir='ltr'>mortalibus</span> <span class='ocrx_word' id='word_1_84' title='bbox 917 836 1107 884; x_wconf 82' lang='lat' dir='ltr'>possunt.</span> 
     </span>
    </p>

    <p class='ocr_par' dir='ltr' id='par_1_3' title="bbox 51 898 1422 1955">
     <span class='ocr_line' id='line_1_13' title="bbox 196 898 1421 953; baseline -0.002 -14"><span class='ocrx_word' id='word_1_85' title='bbox 196 906 271 953; x_wconf 90' lang='lat'>15.</span> <span class='ocrx_word' id='word_1_86' title='bbox 331 900 496 938; x_wconf 90' lang='lat' dir='ltr'>Horum</span> <span class='ocrx_word' id='word_1_87' title='bbox 512 903 554 937; x_wconf 91' lang='lat' dir='ltr'>te</span> <span class='ocrx_word' id='word_1_88' title='bbox 569 899 674 937; x_wconf 90' lang='lat' dir='ltr'>mori</span> <span class='ocrx_word' id='word_1_89' title='bbox 689 912 811 938; x_wconf 88' lang='lat' dir='ltr'>nemo</span> <span class='ocrx_word' id='word_1_90' title='bbox 828 903 961 950; x_wconf 84' lang='lat' dir='ltr'>coget,</span> <span class='ocrx_word' id='word_1_91' title='bbox 979 912 1124 938; x_wconf 92' lang='lat' dir='ltr'>omnes</span> <span class='ocrx_word' id='word_1_92' title='bbox 1140 898 1355 937; x_wconf 89' lang='lat' dir='ltr'>docebunt</span> <span class='ocrx_word' id='word_1_93' title='bbox 1371 909 1380 944; x_wconf 85' lang='lat'>;</span> <span class='ocrx_word' id='word_1_94' title='bbox 1408 908 1421 930; x_wconf 89' lang='grc' dir='ltr'>Ι</span> 
     </span>
     <span class='ocr_line' id='line_1_14' title="bbox 111 956 1379 1012; baseline -0.002 -7"><span class='ocrx_word' id='word_1_95' title='bbox 111 966 262 1005; x_wconf 89' lang='lat' dir='ltr'>horum</span> <span class='ocrx_word' id='word_1_96' title='bbox 278 979 402 1005; x_wconf 90' lang='lat' dir='ltr'>nemo</span> <span class='ocrx_word' id='word_1_97' title='bbox 420 979 552 1004; x_wconf 90' lang='lat' dir='ltr'>annos</span> <span class='ocrx_word' id='word_1_98' title='bbox 568 970 665 1005; x_wconf 92' lang='lat' dir='ltr'>tuos</span> <span class='ocrx_word' id='word_1_99' title='bbox 681 956 884 1012; x_wconf 82' lang='lat' dir='ltr'>conteret,</span> <span class='ocrx_word' id='word_1_100' title='bbox 902 979 999 1005; x_wconf 91' lang='lat' dir='ltr'>suos</span> <span class='ocrx_word' id='word_1_101' title='bbox 1016 966 1094 1004; x_wconf 87' lang='lat' dir='ltr'>tibi</span> <span class='ocrx_word' id='word_1_102' title='bbox 1111 965 1352 1004; x_wconf 85' lang='lat' dir='ltr'>contribuet</span> <span class='ocrx_word' id='word_1_103' title='bbox 1370 977 1379 1012; x_wconf 86' lang='lat'>;</span> 
     </span>
     <span class='ocr_line' id='line_1_15' title="bbox 112 1032 1382 1084; baseline 0.001 -13"><span class='ocrx_word' id='word_1_104' title='bbox 112 1033 265 1072; x_wconf 90' lang='lat' dir='ltr'>nullius</span> <span class='ocrx_word' id='word_1_105' title='bbox 290 1046 340 1071; x_wconf 85' lang='lat' dir='ltr'>ex</span> <span class='ocrx_word' id='word_1_106' title='bbox 367 1033 430 1071; x_wconf 95' lang='lat' dir='ltr'>his</span> <span class='ocrx_word' id='word_1_107' title='bbox 455 1045 590 1071; x_wconf 87' lang='lat' dir='ltr'>sermo</span> <span class='ocrx_word' id='word_1_108' title='bbox 614 1033 872 1084; x_wconf 87' lang='lat' dir='ltr'>periculosus</span> <span class='ocrx_word' id='word_1_109' title='bbox 896 1033 988 1079; x_wconf 84' lang='lat' dir='ltr'>erit,</span> <span class='ocrx_word' id='word_1_110' title='bbox 1016 1032 1169 1072; x_wconf 90' lang='lat' dir='ltr'>nullius</span> <span class='ocrx_word' id='word_1_111' title='bbox 1195 1032 1382 1072; x_wconf 89' lang='lat' dir='ltr'>amicitia</span> 
     </span>
     <span class='ocr_line' id='line_1_16' title="bbox 55 1099 1381 1181; baseline -0.001 -42"><span class='ocrx_word' id='word_1_112' title='bbox 55 1122 90 1154; x_wconf 84' lang='lat'>15</span> <span class='ocrx_word' id='word_1_113' title='bbox 111 1100 317 1151; x_wconf 84' lang='lat' dir='ltr'>capitalis,</span> <span class='ocrx_word' id='word_1_114' title='bbox 338 1099 492 1138; x_wconf 86' lang='lat' dir='ltr'>nullius</span> <span class='ocrx_word' id='word_1_115' title='bbox 510 1105 761 1181; x_wconf 89' lang='lat' dir='ltr'>sumptuosa</span> <span class='ocrx_word' id='word_1_116' title='bbox 779 1100 1033 1155; x_wconf 85' lang='lat' dir='ltr'>obseruatio.</span> <span class='ocrx_word' id='word_1_117' title='bbox 1094 1100 1200 1138; x_wconf 76' lang='lat' dir='ltr'>feres</span> <span class='ocrx_word' id='word_1_118' title='bbox 1225 1112 1277 1138; x_wconf 86' lang='lat' dir='ltr'>ex</span> <span class='ocrx_word' id='word_1_119' title='bbox 1301 1100 1381 1139; x_wconf 91' lang='lat' dir='ltr'>illis</span> 
     </span>
     <span class='ocr_line' id='line_1_17' title="bbox 111 1149 1381 1218; baseline 0 -13"><span class='ocrx_word' id='word_1_120' title='bbox 111 1167 319 1218; x_wconf 90' lang='lat' dir='ltr'>quidquid</span> <span class='ocrx_word' id='word_1_121' title='bbox 365 1166 508 1212; x_wconf 85' lang='lat' dir='ltr'>uoles;</span> <span class='ocrx_word' id='word_1_122' title='bbox 559 1149 646 1217; x_wconf 56' lang='lat' dir='ltr'>sper</span> <span class='ocrx_word' id='word_1_123' title='bbox 691 1167 782 1206; x_wconf 92' lang='lat' dir='ltr'>illos</span> <span class='ocrx_word' id='word_1_124' title='bbox 829 1180 912 1205; x_wconf 92' lang='lat' dir='ltr'>non</span> <span class='ocrx_word' id='word_1_125' title='bbox 960 1166 1104 1212; x_wconf 88' lang='lat' dir='ltr'>stabit,</span> <span class='ocrx_word' id='word_1_126' title='bbox 1153 1166 1381 1217; x_wconf 88' lang='lat' dir='ltr'>quominus</span> 
     </span>
     <span class='ocr_line' id='line_1_18' title="bbox 111 1200 1422 1286; baseline -0.003 -13"><span class='ocrx_word' id='word_1_127' title='bbox 111 1238 322 1285; x_wconf 90' lang='lat' dir='ltr'>quantum</span> <span class='ocrx_word' id='word_1_128' title='bbox 364 1200 593 1285; x_wconf 81' lang='lat' dir='ltr'>plurimum</span> <span class='ocrx_word' id='word_1_129' title='bbox 636 1234 827 1286; x_wconf 90' lang='lat' dir='ltr'>cupieris,</span> <span class='ocrx_word' id='word_1_130' title='bbox 871 1233 1051 1272; x_wconf 89' lang='lat' dir='ltr'>haurias.</span> <span class='ocrx_word' id='word_1_131' title='bbox 1111 1246 1220 1284; x_wconf 91' lang='lat' dir='ltr'>quae</span> <span class='ocrx_word' id='word_1_132' title='bbox 1262 1233 1381 1273; x_wconf 90' lang='lat' dir='ltr'>illum</span> <span class='ocrx_word' id='word_1_133' title='bbox 1404 1246 1422 1269; x_wconf 90' lang='lat'>2</span> 
     </span>
     <span class='ocr_line' id='line_1_19' title="bbox 111 1300 1380 1351; baseline 0.001 -12"><span class='ocrx_word' id='word_1_134' title='bbox 111 1300 301 1347; x_wconf 86' lang='lat' dir='ltr'>felicitas,</span> <span class='ocrx_word' id='word_1_135' title='bbox 339 1313 469 1351; x_wconf 89' lang='lat' dir='ltr'>quarn</span> <span class='ocrx_word' id='word_1_136' title='bbox 510 1300 686 1351; x_wconf 90' lang='lat' dir='ltr'>pulchra</span> <span class='ocrx_word' id='word_1_137' title='bbox 720 1304 913 1340; x_wconf 90' lang='lat' dir='ltr'>senectus</span> <span class='ocrx_word' id='word_1_138' title='bbox 954 1304 1112 1346; x_wconf 87' lang='lat' dir='ltr'>manet,</span> <span class='ocrx_word' id='word_1_139' title='bbox 1149 1300 1222 1351; x_wconf 88' lang='lat' dir='ltr'>qui</span> <span class='ocrx_word' id='word_1_140' title='bbox 1260 1313 1303 1340; x_wconf 89' lang='lat' dir='ltr'>se</span> <span class='ocrx_word' id='word_1_141' title='bbox 1337 1301 1380 1340; x_wconf 87' lang='lat' dir='ltr'>in</span> 
     </span>
     <span class='ocr_line' id='line_1_20' title="bbox 111 1367 1381 1419; baseline 0.002 -13"><span class='ocrx_word' id='word_1_142' title='bbox 111 1367 262 1406; x_wconf 92' lang='lat' dir='ltr'>horum</span> <span class='ocrx_word' id='word_1_143' title='bbox 307 1367 544 1406; x_wconf 86' lang='lat' dir='ltr'>clientelam</span> <span class='ocrx_word' id='word_1_144' title='bbox 586 1368 792 1407; x_wconf 84' lang='lat' dir='ltr'>contulit!</span> <span class='ocrx_word' id='word_1_145' title='bbox 853 1367 1040 1414; x_wconf 87' lang='lat' dir='ltr'>habebit,</span> <span class='ocrx_word' id='word_1_146' title='bbox 1083 1380 1180 1406; x_wconf 90' lang='lat' dir='ltr'>cum</span> <span class='ocrx_word' id='word_1_147' title='bbox 1226 1367 1381 1419; x_wconf 84' lang='lat' dir='ltr'>quibus</span> 
     </span>
     <span class='ocr_line' id='line_1_21' title="bbox 51 1433 1410 1502; baseline 0 -29"><span class='ocrx_word' id='word_1_148' title='bbox 51 1459 93 1481; x_wconf 84' lang='lat'>20</span> <span class='ocrx_word' id='word_1_149' title='bbox 111 1434 163 1473; x_wconf 91' lang='lat' dir='ltr'>de</span> <span class='ocrx_word' id='word_1_150' title='bbox 193 1434 377 1473; x_wconf 89' lang='lat' dir='ltr'>minimis</span> <span class='ocrx_word' id='word_1_151' title='bbox 407 1433 687 1486; x_wconf 80' lang='lat' dir='ltr'>maximisque</span> <span class='ocrx_word' id='word_1_152' title='bbox 718 1434 842 1473; x_wconf 91' lang='lat' dir='ltr'>rebus</span> <span class='ocrx_word' id='word_1_153' title='bbox 872 1434 1086 1502; x_wconf 85' lang='lat' dir='ltr'>deliberet,</span> <span class='ocrx_word' id='word_1_154' title='bbox 1119 1447 1225 1485; x_wconf 90' lang='lat' dir='ltr'>quos</span> <span class='ocrx_word' id='word_1_155' title='bbox 1255 1434 1307 1473; x_wconf 93' lang='lat' dir='ltr'>de</span> <span class='ocrx_word' id='word_1_156' title='bbox 1337 1447 1380 1474; x_wconf 90' lang='lat' dir='ltr'>se</span> <span class='ocrx_word' id='word_1_157' title='bbox 1407 1484 1410 1486; x_wconf 64' lang='lat'>‚</span> 
     </span>
     <span class='ocr_line' id='line_1_22' title="bbox 111 1483 1379 1553; baseline 0 -13"><span class='ocrx_word' id='word_1_158' title='bbox 111 1501 265 1540; x_wconf 91' lang='lat' dir='ltr'>cotidie</span> <span class='ocrx_word' id='word_1_159' title='bbox 293 1501 499 1547; x_wconf 89' lang='lat' dir='ltr'>consulat,</span> <span class='ocrx_word' id='word_1_160' title='bbox 531 1514 555 1539; x_wconf 93' lang='lat' dir='ltr'>a</span> <span class='ocrx_word' id='word_1_161' title='bbox 582 1501 736 1553; x_wconf 91' lang='lat' dir='ltr'>quibus</span> <span class='ocrx_word' id='word_1_162' title='bbox 765 1501 911 1540; x_wconf 90' lang='lat' dir='ltr'>audiat</span> <span class='ocrx_word' id='word_1_163' title='bbox 940 1483 1088 1540; x_wconf 81' lang='lat' dir='ltr'>uerum</span> <span class='ocrx_word' id='word_1_164' title='bbox 1116 1501 1204 1540; x_wconf 90' lang='lat' dir='ltr'>sine</span> <span class='ocrx_word' id='word_1_165' title='bbox 1232 1506 1379 1541; x_wconf 91' lang='lat' dir='ltr'>contu-</span> 
     </span>
     <span class='ocr_line' id='line_1_23' title="bbox 112 1568 1381 1619; baseline 0.001 -12"><span class='ocrx_word' id='word_1_166' title='bbox 112 1568 248 1613; x_wconf 90' lang='lat' dir='ltr'>melia,</span> <span class='ocrx_word' id='word_1_167' title='bbox 300 1568 498 1607; x_wconf 84' lang='lat' dir='ltr'>laudetur</span> <span class='ocrx_word' id='word_1_168' title='bbox 549 1568 637 1607; x_wconf 89' lang='lat' dir='ltr'>sine</span> <span class='ocrx_word' id='word_1_169' title='bbox 689 1568 944 1614; x_wconf 89' lang='lat' dir='ltr'>adulatione,</span> <span class='ocrx_word' id='word_1_170' title='bbox 999 1568 1053 1607; x_wconf 91' lang='lat' dir='ltr'>ad</span> <span class='ocrx_word' id='word_1_171' title='bbox 1104 1581 1285 1619; x_wconf 89' lang='lat' dir='ltr'>quorum</span> <span class='ocrx_word' id='word_1_172' title='bbox 1336 1581 1381 1608; x_wconf 87' lang='lat' dir='ltr'>se</span> 
     </span>
     <span class='ocr_line' id='line_1_24' title="bbox 112 1634 1422 1686; baseline 0.001 -13"><span class='ocrx_word' id='word_1_173' title='bbox 112 1634 432 1674; x_wconf 87' lang='lat' dir='ltr'>similitudinem</span> <span class='ocrx_word' id='word_1_174' title='bbox 458 1635 642 1686; x_wconf 85' lang='lat' dir='ltr'>effingat.</span> <span class='ocrx_word' id='word_1_175' title='bbox 702 1635 883 1674; x_wconf 91' lang='lat' dir='ltr'>solemus</span> <span class='ocrx_word' id='word_1_176' title='bbox 910 1634 1045 1673; x_wconf 87' lang='lat' dir='ltr'>dicere</span> <span class='ocrx_word' id='word_1_177' title='bbox 1072 1647 1157 1674; x_wconf 91' lang='lat' dir='ltr'>non</span> <span class='ocrx_word' id='word_1_178' title='bbox 1184 1635 1311 1674; x_wconf 74' lang='lat' dir='ltr'>luisse</span> <span class='ocrx_word' id='word_1_179' title='bbox 1337 1635 1380 1675; x_wconf 90' lang='lat' dir='ltr'>in</span> <span class='ocrx_word' id='word_1_180' title='bbox 1402 1652 1422 1686; x_wconf 81' lang='lat'>3</span> 
     </span>
     <span class='ocr_line' id='line_1_25' title="bbox 113 1702 1380 1753; baseline 0 -13"><span class='ocrx_word' id='word_1_181' title='bbox 113 1705 258 1741; x_wconf 91' lang='lat' dir='ltr'>nostra</span> <span class='ocrx_word' id='word_1_182' title='bbox 301 1705 528 1753; x_wconf 86' lang='lat' dir='ltr'>potestate,</span> <span class='ocrx_word' id='word_1_183' title='bbox 576 1715 682 1753; x_wconf 91' lang='lat' dir='ltr'>quos</span> <span class='ocrx_word' id='word_1_184' title='bbox 727 1702 971 1741; x_wconf 90' lang='lat' dir='ltr'>sortiremur</span> <span class='ocrx_word' id='word_1_185' title='bbox 1015 1706 1224 1753; x_wconf 85' lang='lat' dir='ltr'>parentes,</span> <span class='ocrx_word' id='word_1_186' title='bbox 1272 1703 1380 1741; x_wconf 80' lang='lat' dir='ltr'>forte</span> 
     </span>
     <span class='ocr_line' id='line_1_26' title="bbox 54 1768 1380 1814; baseline 0.002 -8"><span class='ocrx_word' id='word_1_187' title='bbox 54 1781 92 1814; x_wconf 85' lang='lat'>25</span> <span class='ocrx_word' id='word_1_188' title='bbox 113 1768 234 1807; x_wconf 88' lang='lat' dir='ltr'>nobis</span> <span class='ocrx_word' id='word_1_189' title='bbox 254 1768 389 1807; x_wconf 86' lang='lat' dir='ltr'>datos.</span> <span class='ocrx_word' id='word_1_190' title='bbox 443 1768 594 1807; x_wconf 88' lang='lat' dir='ltr'>nobilis</span> <span class='ocrx_word' id='word_1_191' title='bbox 614 1781 713 1808; x_wconf 90' lang='lat' dir='ltr'>uero</span> <span class='ocrx_word' id='word_1_192' title='bbox 735 1769 789 1809; x_wconf 89' lang='lat' dir='ltr'>ad</span> <span class='ocrx_word' id='word_1_193' title='bbox 809 1773 1001 1807; x_wconf 87' lang='lat' dir='ltr'>nostrum</span> <span class='ocrx_word' id='word_1_194' title='bbox 1023 1768 1245 1808; x_wconf 89' lang='lat' dir='ltr'>arbitrium</span> <span class='ocrx_word' id='word_1_195' title='bbox 1266 1769 1380 1808; x_wconf 88' lang='lat' dir='ltr'>nasci</span> 
     </span>
     <span class='ocr_line' id='line_1_27' title="bbox 113 1835 1382 1888; baseline 0.002 -15"><span class='ocrx_word' id='word_1_196' title='bbox 113 1835 222 1875; x_wconf 90' lang='lat' dir='ltr'>licet.</span> <span class='ocrx_word' id='word_1_197' title='bbox 281 1835 635 1874; x_wconf 87' lang='lat' dir='ltr'>nobilissimorum</span> <span class='ocrx_word' id='word_1_198' title='bbox 652 1835 914 1887; x_wconf 88' lang='lat' dir='ltr'>ingeniorum</span> <span class='ocrx_word' id='word_1_199' title='bbox 931 1835 1115 1874; x_wconf 80' lang='lat' dir='ltr'>familiae</span> <span class='ocrx_word' id='word_1_200' title='bbox 1131 1840 1231 1874; x_wconf 90' lang='lat' dir='ltr'>sunt</span> <span class='ocrx_word' id='word_1_201' title='bbox 1252 1848 1258 1874; x_wconf 89' lang='lat'>:</span> <span class='ocrx_word' id='word_1_202' title='bbox 1278 1836 1382 1888; x_wconf 84' lang='lat' dir='ltr'>elige</span> 
     </span>
     <span class='ocr_line' id='line_1_28' title="bbox 113 1902 1382 1955; baseline 0.002 -15"><span class='ocrx_word' id='word_1_203' title='bbox 113 1902 156 1940; x_wconf 91' lang='lat' dir='ltr'>in</span> <span class='ocrx_word' id='word_1_204' title='bbox 179 1915 309 1953; x_wconf 90' lang='lat' dir='ltr'>quam</span> <span class='ocrx_word' id='word_1_205' title='bbox 334 1902 508 1941; x_wconf 90' lang='lat' dir='ltr'>adscisci</span> <span class='ocrx_word' id='word_1_206' title='bbox 531 1902 635 1941; x_wconf 89' lang='lat' dir='ltr'>uelis</span> <span class='ocrx_word' id='word_1_207' title='bbox 653 1915 662 1949; x_wconf 87' lang='lat'>;</span> <span class='ocrx_word' id='word_1_208' title='bbox 703 1915 788 1941; x_wconf 90' lang='lat' dir='ltr'>non</span> <span class='ocrx_word' id='word_1_209' title='bbox 811 1902 854 1941; x_wconf 91' lang='lat' dir='ltr'>in</span> <span class='ocrx_word' id='word_1_210' title='bbox 878 1915 1031 1940; x_wconf 90' lang='lat' dir='ltr'>nomen</span> <span class='ocrx_word' id='word_1_211' title='bbox 1056 1906 1227 1941; x_wconf 87' lang='lat' dir='ltr'>tantum</span> <span class='ocrx_word' id='word_1_212' title='bbox 1252 1903 1382 1955; x_wconf 92' lang='lat' dir='ltr'>adop-</span> 
     </span>
    </p>
   </div>
   <div class='ocr_carea' id='block_1_3' title="bbox 113 2025 1384 2222">
    <p class='ocr_par' dir='ltr' id='par_1_4' title="bbox 113 2025 1384 2222">
     <span class='ocr_line' id='line_1_29' title="bbox 182 2025 1383 2069; baseline 0.002 -13"><span class='ocrx_word' id='word_1_213' title='bbox 182 2029 200 2055; x_wconf 84' lang='lat'>1</span> <span class='ocrx_word' id='word_1_214' title='bbox 227 2025 366 2057; x_wconf 88' lang='lat' dir='ltr'>miseris</span> <span class='ocrx_word' id='word_1_215' title='bbox 385 2026 537 2062; x_wconf 64' lang='lat' dir='ltr'>Erasm„</span> <span class='ocrx_word' id='word_1_216' title='bbox 558 2025 711 2057; x_wconf 88' lang='lat' dir='ltr'>miseriis</span> <span class='ocrx_word' id='word_1_217' title='bbox 727 2026 756 2056; x_wconf 82' lang='lat' dir='ltr'><em>A</em></span> <span class='ocrx_word' id='word_1_218' title='bbox 845 2030 862 2056; x_wconf 91' lang='grc'><strong>2</strong></span> <span class='ocrx_word' id='word_1_219' title='bbox 889 2028 1058 2066; x_wconf 77' lang='lat' dir='ltr'>spectent</span> <span class='ocrx_word' id='word_1_220' title='bbox 1075 2027 1174 2058; x_wconf 65' lang='lat' dir='ltr'>Gertz</span> <span class='ocrx_word' id='word_1_221' title='bbox 1263 2032 1280 2058; x_wconf 88' lang='lat'>6</span> <span class='ocrx_word' id='word_1_222' title='bbox 1305 2031 1383 2069; x_wconf 73' lang='lat' dir='ltr'>post</span> 
     </span>
     <span class='ocr_line' id='line_1_30' title="bbox 115 2075 1384 2114; baseline 0.002 -7"><span class='ocrx_word' id='word_1_223' title='bbox 115 2075 250 2108; x_wconf 79' lang='lat' dir='ltr'>artium</span> <span class='ocrx_word' id='word_1_224' title='bbox 264 2078 308 2108; x_wconf 89' lang='lat' dir='ltr'>P.</span> <span class='ocrx_word' id='word_1_225' title='bbox 326 2077 478 2108; x_wconf 81' lang='lat' dir='ltr'>Thomas</span> <span class='ocrx_word' id='word_1_226' title='bbox 494 2076 593 2108; x_wconf 83' lang='lat' dir='ltr'>adire</span> <span class='ocrx_word' id='word_1_227' title='bbox 604 2077 687 2108; x_wconf 75' lang='lat' dir='ltr'>addi</span> <span class='ocrx_word' id='word_1_228' title='bbox 698 2077 770 2108; x_wconf 76' lang='lat' dir='ltr'>uolt</span> <span class='ocrx_word' id='word_1_229' title='bbox 822 2082 859 2108; x_wconf 88' lang='lat'>13</span> <span class='ocrx_word' id='word_1_230' title='bbox 871 2076 1075 2108; x_wconf 87' lang='lat' dir='ltr'>contribuit</span> <span class='ocrx_word' id='word_1_231' title='bbox 1085 2077 1113 2107; x_wconf 77' lang='lat' dir='ltr'><strong><em>A</em></strong></span> <span class='ocrx_word' id='word_1_232' title='bbox 1126 2104 1131 2114; x_wconf 81' lang='grc'><strong><em>,</em></strong></span> <span class='ocrx_word' id='word_1_233' title='bbox 1146 2077 1384 2110; x_wconf 73' lang='lat' dir='ltr'>contribuerit</span> 
     </span>
     <span class='ocr_line' id='line_1_31' title="bbox 113 2126 1381 2171; baseline 0.002 -13"><span class='ocrx_word' id='word_1_234' title='bbox 113 2126 211 2158; x_wconf 70' lang='lat' dir='ltr'>Gertz</span> <span class='ocrx_word' id='word_1_235' title='bbox 291 2131 328 2158; x_wconf 83' lang='grc'>17</span> <span class='ocrx_word' id='word_1_236' title='bbox 354 2130 538 2168; x_wconf 83' lang='lat' dir='ltr'>quantum</span> <span class='ocrx_word' id='word_1_237' title='bbox 567 2127 765 2168; x_wconf 84' lang='lat' dir='ltr'>plurimum</span> <span class='ocrx_word' id='word_1_238' title='bbox 792 2127 948 2168; x_wconf 85' lang='lat' dir='ltr'>cupieris</span> <span class='ocrx_word' id='word_1_239' title='bbox 972 2129 1138 2159; x_wconf 75' lang='lat' dir='ltr'>Muretus</span> <span class='ocrx_word' id='word_1_240' title='bbox 1164 2132 1195 2159; x_wconf 80' lang='lat' dir='ltr'>et</span> <span class='ocrx_word' id='word_1_241' title='bbox 1220 2130 1381 2171; x_wconf 59' lang='lat' dir='ltr'>llladvz‘g,</span> 
     </span>
     <span class='ocr_line' id='line_1_32' title="bbox 114 2178 1376 2222; baseline 0.002 -12"><span class='ocrx_word' id='word_1_242' title='bbox 114 2178 315 2219; x_wconf 87' lang='lat' dir='ltr'>plurimum</span> <span class='ocrx_word' id='word_1_243' title='bbox 334 2181 518 2220; x_wconf 85' lang='lat' dir='ltr'>quantum</span> <span class='ocrx_word' id='word_1_244' title='bbox 537 2179 674 2222; x_wconf 69' lang='lat' dir='ltr'>ceperis</span> <span class='ocrx_word' id='word_1_245' title='bbox 691 2179 719 2209; x_wconf 79' lang='lat' dir='ltr'><em>A</em></span> <span class='ocrx_word' id='word_1_246' title='bbox 826 2184 864 2211; x_wconf 89' lang='grc'>25</span> <span class='ocrx_word' id='word_1_247' title='bbox 891 2179 1024 2211; x_wconf 87' lang='lat' dir='ltr'>nobilis</span> <span class='ocrx_word' id='word_1_248' title='bbox 1040 2180 1171 2222; x_wconf 74' lang='lat' dir='ltr'>scripsi</span> <span class='ocrx_word' id='word_1_249' title='bbox 1185 2190 1192 2211; x_wconf 77' lang='lat' dir='ltr'><em>z</em></span> <span class='ocrx_word' id='word_1_250' title='bbox 1226 2181 1332 2213; x_wconf 90' lang='lat' dir='ltr'>nobis</span> <span class='ocrx_word' id='word_1_251' title='bbox 1348 2183 1376 2213; x_wconf 85' lang='lat' dir='ltr'><strong><em>A</em></strong></span> 
     </span>
    </p>
   </div>
  </div>
 </body>
</html>
