1623 2444
539 48 624 83 AD
654 48 727 83 ΡΑ
745 48 981 83 VLJNVM
1349 53 1393 89 25

128 157 370 197 condictum
399 162 566 208 tempus
594 169 732 202 cenae,
760 156 879 195 tarde
903 156 961 194 ire
985 156 1108 194 horas
1131 158 1367 206 queruntur
1387 164 1395 197 g

129 237 228 264 nam
250 225 283 263 si
305 225 476 275 quando
498 225 589 263 illos
611 224 883 262 deseruerunt
907 222 1217 273 occupationes,
1242 220 1285 259 in
1307 218 1395 258 otio

130 291 262 330 relicti
311 296 519 337 aestuant,
570 304 644 330 nec
692 290 905 341 quomodo
952 289 996 328 id
1043 289 1272 340 disponant
1320 289 1395 325 aut

130 358 356 397 extrahant
387 358 537 398 sciunt.
596 358 741 408 itaque
772 357 826 395 ad
856 355 1178 407 occupationem
1209 354 1394 404 aliquam

94 425 311 468 stendunt
342 429 384 464 et
414 425 529 476 quod
558 424 776 463 interiacet
808 436 931 461 omne
961 427 1130 473 tempus
1158 433 1286 473 graue
1316 423 1392 465 est,

130 495 219 529 tam
240 504 306 530 me
331 492 517 530 hercules
542 504 683 542 quam,
711 503 806 529 cum
832 490 918 528 dies
946 489 1129 528 muneris
1156 486 1394 539 gladiatorii

129 557 292 597 edictus
322 562 384 597 est
419 562 493 597 aut
526 571 622 597 cum
656 557 829 596 alicuius
863 556 1034 595 alterius
1066 555 1133 594 uel
1165 552 1394 606 spectaculi

129 624 195 663 uel
248 625 482 676 uoluptatis
535 628 784 676 expectatur
837 623 1131 668 constitutum,
1187 620 1395 660 transilire

128 691 288 730 medios
323 692 410 730 dies
444 692 606 730 uolunt.
666 690 801 729 omnis
836 690 915 728 illis
949 693 1142 740 speratae
1178 688 1235 727 rei
1269 687 1396 738 longa
1416 701 1439 734 4

73 775 111 796 10
129 757 276 796 dilatio
310 763 400 797 est:
449 763 492 797 at
525 758 627 797 illud
657 762 825 808 tempus
854 757 969 827 quod
999 759 1145 795 amant
1174 755 1302 793 breue
1331 757 1394 792 est

128 828 170 863 et
197 837 396 876 praeceps
423 825 674 876 breuiusque
709 806 863 863 multo
867 810 948 862 suo
968 823 1020 874 fit
1046 822 1180 867 uitio;
1226 820 1395 860 aliunde

128 891 239 930 enim
263 891 343 930 alio
366 892 653 943 transfugiunt
676 895 717 930 et
740 891 966 930 consistere
988 890 1030 928 in
1052 902 1138 928 una
1159 888 1395 940 cupiditate

129 970 212 997 non
248 962 437 1009 possunt.
497 971 581 997 non
616 961 715 997 sunt
751 957 829 996 illis
863 957 973 1008 longi
1011 956 1098 995 dies
1132 955 1206 995 sed
1239 954 1392 1000 inuisi;

129 1028 174 1063 at
211 1029 525 1079 contra‚quam
563 1025 737 1076 exiguae
775 1027 919 1062 noctes
956 1023 1168 1069 uidentur,
1207 1034 1314 1073 quas
1351 1021 1394 1059 in

74 1111 109 1143 15
129 1091 336 1142 conplexu
368 1096 602 1130 scortorum
636 1095 709 1130 aut
742 1091 841 1129 uino
874 1090 1075 1142 exigunt!
1135 1089 1232 1128 inde
1264 1088 1393 1127 etiam
1418 1098 1435 1135 5

129 1162 351 1209 poetarum
389 1159 505 1197 furor
543 1158 696 1197 tabulis
734 1158 941 1196 humanos
979 1169 1136 1196 errores
1175 1155 1391 1194 alentium.

127 1225 281 1275 quibus
335 1225 449 1264 uisus
504 1229 566 1263 est
624 1225 814 1276 Iuppiter
868 1224 1090 1275 uoluptate
1144 1216 1395 1262 eoncub1ffis
1442 1262 1454 1273 ἣ

127 1291 335 1331 delenitus
371 1292 604 1343 duplicasse
647 1295 841 1330 noctem:
899 1290 1002 1342 quid
1038 1290 1152 1329 aliud
1188 1293 1251 1328 est
1287 1288 1395 1328 uitia

127 1362 274 1397 nostra
299 1358 518 1397 incendere
546 1371 675 1409 quam
703 1362 895 1397 auctores
923 1357 1001 1396 illis
1028 1356 1252 1397 inscribere
1279 1355 1390 1402 deos,

70 1445 110 1467 20
128 1428 169 1464 et
200 1425 299 1463 dare
328 1425 475 1464 morbo
505 1425 697 1476 exemplo
726 1424 964 1463 diuinitatis
993 1427 1240 1464 excusatam
1268 1422 1394 1462 licen-

128 1490 234 1530 tiam
254 1491 268 1530 ?
352 1496 528 1543 possunt
555 1492 646 1531 istis
671 1504 755 1530 non
780 1490 1051 1530 breuissimae
1075 1490 1208 1529 uideri
1233 1493 1391 1536 noctes,

128 1570 234 1609 quas
253 1562 343 1596 tam
363 1571 457 1597 care
476 1562 718 1597 mercantur
736 1558 751 1597 ?
813 1558 924 1597 diem
943 1557 1079 1597 noctis
1098 1556 1393 1608 expectatione

128 1625 324 1675 perdunt,
352 1629 519 1664 noctem
545 1625 648 1664 lucis
673 1628 802 1664 metu.

214 1696 288 1744 17.
348 1692 470 1743 Ipsae
507 1692 750 1743 uoluptates
788 1704 932 1730 eorum
971 1691 1159 1742 trepidae
1197 1695 1239 1730 et
1265 1689 1394 1729 uariis
1420 1702 1433 1725 1

70 1770 109 1803 25
129 1757 357 1797 terroribus
402 1758 616 1810 inquietae
661 1762 773 1804 sunt,
822 1758 1021 1809 subitque
1067 1770 1163 1797 cum
1209 1757 1394 1796 maxime

31 1826 69 1867 ἶ
129 1824 382 1864 exsultantis
418 1825 597 1864 sollicita
632 1824 861 1876 cogitatio:
917 1824 925 1838 ‘
946 1825 1048 1863 haec
1084 1837 1213 1875 quarn
1251 1823 1359 1863 diu?
1382 1824 1390 1837 '

129 1890 183 1929 ab
220 1892 298 1930 hoc
328 1880 508 1931 'adfectu
545 1905 659 1943 reges
696 1904 816 1931 suam
848 1891 1000 1930 fleuere
1031 1891 1281 1942 potentiam,
1317 1903 1393 1930 nec

129 1957 220 1997 illos
240 1958 488 2010 magnitudo
510 1958 705 1997 fortunae
725 1970 825 1997 suae
845 1958 1073 1997 delectauit
1095 1958 1167 1997 sed
1187 1962 1393 1997 uenturus

129 2065 341 2097 condictum
359 2067 403 2096 M
406 2069 535 2102 metus,
555 2065 683 2097 ueniat
700 2065 937 2097 acondictum
954 2065 983 2096 Α
1072 2071 1110 2097 10
1135 2066 1226 2097 illud
1244 2068 1393 2107 tempus

129 2117 228 2157 quod
246 2121 375 2148 amant
392 2118 567 2153 Muretus,
589 2117 728 2148 adillud
748 2120 905 2158 tempus.
925 2118 1025 2159 quod
1044 2119 1187 2150 amanti
1202 2118 1230 2148 A
1293 2123 1330 2149 11
1350 2118 1393 2149 fit

128 2169 208 2201 add.
226 2170 399 2201 Erasmus
492 2174 529 2200 13
546 2169 616 2200 illis
633 2169 678 2200 M
680 2173 810 2206 metus,
830 2169 882 2200 illi
898 2169 927 2200 A
