1623 2444
204 90 252 124 70
715 78 954 117 SENECA

199 188 387 239 capitum
418 188 613 239 idemque
643 202 773 240 genus
803 189 1067 228 calciamenti
1098 190 1213 241 quod
1243 190 1468 249 Cantabris

200 259 275 300 est,
313 260 353 294 et
388 256 517 294 uerba
551 256 790 306 quaedam;
841 269 939 294 narn
974 261 1092 296 totus
1127 270 1262 296 sermo
1296 248 1499 296 co“'11ue‘r‘-''‘
1540 250 1560 262 ”

199 322 361 372 satione
404 322 659 361 Graecorum
702 322 987 374 Ligurumque
1030 337 1054 362 a
1094 323 1233 375 patrio
1275 323 1465 362 desciuit.

200 389 407 426 deductae
457 389 606 428 deinde
659 393 758 428 sunt
809 390 917 428 duae
967 390 1123 429 ciuium
1177 391 1468 429 Romanorum

200 455 398 501 coloniae,
444 456 576 494 altera
618 470 641 494 a
682 456 827 501 Mario,
873 456 1015 495 altera·
1046 470 1069 495 a
1111 457 1252 495 Sulla:
1311 457 1505 505 totiens5

134 540 178 562 10
200 522 323 560 huius
346 522 450 560 aridi
473 526 513 560 et
536 523 691 573 spinosi
714 523 803 561 saxi
826 527 1019 562 mutatus
1042 528 1103 562 est
1126 511 1307 574 populus
1327 525 1333 562 1
1395 524 1468 562 uix

200 588 380 639 denique
426 589 612 627 inuenies
657 589 785 628 ullam
832 594 1000 635 terram,
1048 604 1179 645 quam
1225 590 1469 645 etiamnunc

200 655 419 705 indigenae
448 656 618 702 colant;
663 656 874 707 permixta
903 657 1045 695 omnia
1074 661 1115 695 et
1144 657 1327 696 insiticia
1355 651 1468 696 sunt.

202 722 306 760 alius
333 722 401 760 alii
427 723 625 761 successit
647 735 653 761 z
698 723 764 761 hic
790 723 1045 774 concupiuit,
1074 724 1189 774 quod
1215 724 1271 762 illi
1298 723 1470 762 fastidio

202 789 310 834 fuit;
347 807 349 811 ¹
375 789 441 827 ille
489 790 601 828 unde
649 790 880 841 expulerat,
932 791 1088 829 eiectus
1136 795 1211 829 est.
1271 790 1333 830 ita
1380 791 1470 846 fato
1495 811 1532 833 10

201 856 373 907 placuit,
396 856 550 895 nullius
570 856 627 894 rei
648 857 795 894 eodem
815 869 978 908 semper
997 858 1087 895 loco
1108 861 1219 896 stare
1239 857 1468 896 fortunam.

163 944 175 967 1
283 918 326 964 8.
387 923 601 962 Aduersus
648 923 783 974 ipsam
837 924 1215 962 commutationem
1269 924 1469 969 locorum,

202 990 404 1028 detractis
433 990 581 1028 ceteris
610 990 887 1029 incommodis
920 1004 1028 1041 quae
1065 991 1188 1029 exilio
1226 991 1470 1036 adhaerent,

203 1057 305 1095 satis
332 1058 409 1095 hoc
436 1057 606 1095 remedii
633 1061 760 1108 putat
787 1057 933 1103 Varro,
963 1058 1231 1096 doctissimus
1260 1059 1472 1097 Romano-

203 1137 308 1169 rum,
330 1124 457 1174 quod,
479 1137 747 1174 quocumque
766 1124 971 1170 uenimus,
994 1125 1141 1163 eadem
1160 1138 1298 1163 rerum
1319 1125 1475 1163 natura
1496 1145 1532 1177 15

203 1191 410 1229 utendum
436 1195 498 1229 est
520 1203 527 1236 ;
570 1191 624 1229 M.
652 1191 812 1229 Brutus
837 1191 940 1229 satis
965 1191 1043 1230 hoc
1068 1196 1206 1242 putat,
1234 1192 1350 1243 quod
1375 1191 1472 1230 licet

163 1268 180 1291 2
204 1257 246 1296 in
273 1257 443 1296 exilium
470 1257 669 1296 euntibus
694 1257 876 1296 uirtutes
902 1270 999 1297 suas
1024 1271 1166 1297 secum
1193 1258 1310 1297 ferre.
1370 1259 1473 1296 haec

205 1324 369 1363 etiamsi
400 1324 493 1375 quis
523 1324 687 1375 singula
716 1337 867 1375 parum
897 1324 1055 1363 iudicat
1085 1325 1269 1364 efficacia
1296 1325 1349 1364 ad
1377 1337 1473 1364 con-

205 1391 427 1430 solandum
450 1391 628 1437 exulem,
653 1396 834 1442 utraque
856 1391 898 1429 in
922 1405 1054 1430 unum
1076 1392 1246 1430 conlata
1268 1392 1474 1430 fatebitur

205 1458 434 1509 plurimum
472 1471 605 1509 posse.
665 1458 921 1509 quantulum
961 1459 1071 1497 enim
1111 1463 1187 1504 est,
1229 1459 1344 1509 quod
1382 1471 1473 1510 per·
1494 1482 1535 1504 20

206 1525 415 1564 didimus!
476 1525 560 1563 duo
596 1538 704 1576 quae
739 1525 1021 1576 pulcherrima
1056 1530 1167 1571 sunt,
1206 1538 1474 1576 quocumque

206 1605 281 1631 nos
324 1592 592 1637 mouerimus,
638 1584 894 1642 sequentur:
956 1596 1110 1646 natura
1153 1592 1388 1631 communis
1432 1596 1474 1630 et

163 1675 184 1709 3
206 1659 376 1710 propria
411 1659 558 1697 uirtus.
618 1658 661 1697 id
697 1663 840 1697 actum
876 1662 952 1705 est,
990 1659 1092 1697 mihi
1129 1659 1261 1705 crede,
1301 1659 1354 1697 ab
1390 1659 1472 1705 illo,

206 1726 396 1777 quisquis
436 1726 641 1764 formator
679 1725 862 1764 uniuersi
902 1725 996 1770 fuit,
1038 1726 1125 1764 siue
1165 1726 1231 1764 ille
1270 1726 1373 1764 deus
1411 1729 1474 1764 est

206 1797 357 1844 potens
400 1793 601 1838 omnium,
646 1792 733 1830 siue
775 1792 1046 1843 incorporalis
1089 1792 1197 1830 ratio
1240 1792 1475 1844 ingentium
1494 1805 1534 1837 25

207 1872 381 1911 operum
430 1859 595 1905 artifex,
645 1858 732 1897 siue
780 1858 948 1897 diuinus
995 1859 1167 1910 spiritus
1214 1872 1288 1910 per
1334 1859 1476 1897 omnia

207 1927 395 1965 maxima
425 1939 472 1964 ac
501 1925 678 1964 minima
707 1925 870 1976 aequali
902 1925 1136 1964 intentione
1166 1926 1355 1971 diffusus,
1388 1925 1475 1964 siue

208 1994 346 2032 fatum
367 1997 408 2031 et
429 1992 707 2031 immutabilis
727 2005 948 2031 causarum
969 1992 1079 2030 inter
1098 2005 1140 2031 se
1160 1993 1475 2031 cohaerentium

209 2060 359 2098 series:
406 2060 460 2105 id,
491 2060 678 2110 inquam,
710 2063 853 2097 actum
890 2063 965 2104 est,
996 2064 1043 2097 ut
1073 2059 1114 2097 in
1149 2059 1331 2098 alienum
1369 2059 1475 2097 arbi-

166 2145 188 2178 4
210 2127 338 2166 trium
364 2126 441 2165 nisi
462 2126 665 2165 uilissima
683 2139 876 2177 quaeque
896 2138 979 2164 non
999 2126 1209 2165 caderent.
1269 2126 1477 2177 quidquid
1497 2141 1538 2173 30

253 2210 273 2236 4
302 2218 323 2232 ε
337 2214 415 2235 eo>
442 2207 529 2235 sunt
546 2205 645 2236 Gertz
753 2208 771 2235 8
798 2203 955 2235 insiticia
974 2203 1187 2240 Pincianus,
1208 2204 1380 2235 instituta
1400 2203 1427 2233 A

1569 262 1606 287 ‘⁴⁵0
