1623 2444
539 62 626 98 AD
655 62 729 97 ΡΑ
747 62 887 98 VLJN
898 62 985 98 VM
1341 77 1383 112 δι

126 175 385 211 senectutem
407 171 541 222 ipsam
564 171 677 209 nullo
700 170 780 209 alio
808 171 976 209 nomine
1002 184 1173 222 grauem
1201 172 1390 211 iudicant

125 251 254 289 quam
280 238 395 288 quod
421 238 511 276 illos
537 237 714 288 seponit.
774 238 841 276 16Χ
862 251 885 276 a
904 238 1252 289 quinquagesimo
1280 252 1390 277 anno

125 304 303 343 militem
324 317 408 342 non
429 304 542 355 legit,
567 318 591 342 a
611 304 869 355 sexagesimo
891 293 1133 343 senatorem*
1150 318 1234 343 non
1255 305 1359 344 citat
1381 317 1388 344 :

126 371 333 410 difficilius
356 370 545 409 homines
569 384 593 409 a
614 384 656 409 56
679 371 813 409 otium
836 371 1066 422 impetrant
1089 384 1218 421 quam
1242 385 1266 410 a
1287 372 1387 423 lege.

89 453 105 485 5
126 437 294 476 interim
318 438 419 476 dum
444 437 667 488 rapiuntur
689 441 730 475 et
755 437 938 488 rapiunt,
965 438 1067 476 dum
1091 438 1197 476 alter
1221 438 1391 477 alterius
1415 452 1432 488 5

126 504 312 555 quietem
348 504 520 555 rumpit,
558 505 659 542 dum
693 508 843 542 mutuo
881 504 1019 542 miseri
1055 508 1167 550 sunt,
1203 505 1295 543 uita
1329 510 1391 544 est

126 571 214 610 sine
242 571 396 615 fructu,
427 570 514 609 sine
543 571 778 621 uoluptate,
809 570 896 609 sine
921 571 1005 609 ullo
1030 571 1222 622 profectu
1248 571 1389 610 animi.

127 650 250 676 nemo
278 637 320 675 in
349 637 573 688 conspicuo
601 641 782 675 mortem
811 637 952 683 habet,
983 650 1106 676 nemo
1134 651 1218 676 non
1248 639 1391 689 procul

127 717 220 755 spes
243 703 438 749 intendit,
467 704 639 754 quidam
665 717 765 742 uero
784 704 1015 755 disponunt
1039 704 1167 743 etiam
1191 705 1261 743 illa
1283 718 1392 755 quae

70 788 109 810 10
126 771 239 809 ultra
284 770 419 809 uitam
465 774 577 817 sunt,
624 783 798 821 magnas
843 771 973 809 moles
1018 771 1303 822 sepulcrorum
1350 776 1391 811 et

127 850 301 888 operum
321 837 586 888 publicorum
607 837 892 875 dedicationes
913 841 953 876 et
976 838 1030 875 ad
1051 850 1197 888 rogum
1218 851 1393 877 munera

127 909 168 942 et
216 903 461 942 ambitiosas
508 903 717 954 exequias.
778 908 821 942 at
868 917 935 942 me
983 905 1168 943 hercules
1215 905 1391 944 istorum

127 971 288 1017 funera,
332 974 553 1020 tamquam
594 970 816 1009 minimum
859 970 1055 1017 uixerint,
1101 972 1154 1009 ad
1197 972 1308 1010 faces
1350 976 1391 1011 et

126 1050 265 1076 cereos
290 1037 483 1075 ducenda
507 1041 605 1076 sunt
625 1037 631 1075 !

480 1158 497 1185 3
524 1152 611 1193 legit
630 1153 861 1193 Bongarsz‘zts.
883 1153 975 1193 tegit
994 1154 1020 1184 A
