1623 2444
232 80 283 117 50
747 69 986 106 SENECA

231 180 522 220 moderatione
536 179 730 232 deposuit
751 191 760 219 :
792 180 1042 231 deprecatus
1056 183 1119 219 est
1134 192 1210 231 pro
1224 192 1291 218 me
1306 183 1500 218 senatum

232 251 274 286 et
308 247 444 286 uitam
478 247 580 286 mihi
615 260 699 286 non
734 251 905 286 tantum
940 246 1057 285 dedit
1092 247 1165 285 sed
1199 246 1328 285 etiam
1363 246 1501 298 petiit.

190 331 211 367 3
232 314 386 353 uiderit
408 326 415 353 :
454 314 624 365 qualem
644 313 759 353 uolet
781 326 882 360 esse,
906 313 1119 352 existimet
1142 327 1312 352 causam
1333 326 1473 352 meam
1493 325 1502 359 ;

233 381 300 420 uel
322 381 487 420 iustitia
507 381 595 420 eius
615 380 772 419 bonam
793 380 1019 433 perspiciat
1040 381 1107 419 uel
1129 380 1354 419 clementia
1374 379 1504 419 faciat

233 449 418 487 bonam:
473 452 703 500 utrumque
738 448 781 486 in
820 460 954 498 aequo
990 447 1093 486 mihi
1130 447 1218 486 eius
1254 447 1542 491 beneficiums

234 515 325 561 erit,
360 515 448 554 siue
484 515 751 554 innocentem
782 528 849 554 me
879 514 1017 553 scierit
1051 527 1150 560 esse,
1185 514 1273 553 siue
1308 513 1503 553 uoluerit.

233 582 401 622 interim
434 595 636 634 magnum
669 581 931 621 miseriarum
964 594 1154 620 mearum
1188 580 1389 620 solacium
1424 585 1501 627 est,

232 649 376 689 uidere
393 649 722 688 misericordiam
741 649 828 688 eius
846 653 987 687 totum
1006 648 1150 687 orbem
1168 652 1472 700 peruagantem
1493 659 1500 686 :

232 730 342 768 quae
373 729 468 755 cum
500 729 551 755 ex
582 716 672 767 ipso
705 716 871 767 angulo,
904 715 946 754 in
978 728 1062 766 quo
1093 728 1168 767 ego
1200 715 1363 754 defixus
1393 728 1500 769 sum,

234 783 472 835 complures
513 783 745 822 multorum
788 783 871 821 iam
916 780 1142 821 annorum*
1165 782 1286 821 ruina
1327 772 1503 821 obrutos
1521 792 1564 816 *10

234 850 426 890 effoderit
443 854 484 889 et
501 850 543 889 in
560 850 696 889 lucem
713 849 938 895 reduxerit,
958 862 1041 888 non
1057 862 1203 888 uereor
1219 862 1270 888 116
1286 862 1353 888 1116
1368 861 1501 888 111111111

234 921 436 957 transeat.
495 917 583 969 ipse
629 921 772 955 autem
817 917 977 968 optime
1023 916 1142 955 nouit
1189 920 1370 967 tempus,
1417 928 1502 967 quo

234 985 385 1036 cuique
409 984 562 1023 debeat
585 996 823 1023 succurrere
843 995 851 1029 ;
892 996 966 1034 ego
990 996 1157 1022 omnem
1181 996 1352 1035 operam
1376 983 1500 1028 dabo,

192 1065 215 1097 4
235 1065 286 1091 ne
305 1051 523 1104 peruenire
543 1051 597 1090 ad
615 1064 682 1090 me
702 1050 933 1089 erubescat.
1010 1064 1034 1088 o
1054 1050 1215 1089 felicem
1236 1049 1502 1089 clementiam

235 1123 368 1165 tuam,
391 1118 555 1164 Caesar,
578 1131 687 1169 quae
708 1117 834 1156 efficit
855 1121 903 1156 ut
925 1117 1175 1168 quietiorem
1200 1117 1278 1156 sub
1303 1121 1346 1156 te
1374 1120 1502 1168 agant
1528 1132 1563 1165 15

233 1186 369 1225 uitam
397 1185 540 1224 exules
566 1198 695 1236 quam
726 1197 859 1235 nuper
886 1184 964 1223 sub
992 1184 1096 1223 Gaio
1122 1197 1239 1235 egere
1264 1183 1499 1235 principes!

235 1266 318 1292 non
344 1252 561 1304 trepidant
587 1264 663 1290 nec
687 1264 761 1303 per
786 1251 969 1302 singulas
995 1251 1118 1289 horas
1143 1250 1328 1302 gladium
1355 1263 1502 1302 expec-

234 1324 330 1359 tant
371 1332 445 1358 nec
485 1319 539 1358 ad
578 1332 746 1358 omnem
786 1318 960 1357 nauium
999 1321 1272 1369 conspectum
1312 1321 1470 1369 pauent
1492 1329 1501 1363 ;

234 1400 308 1439 per
331 1390 373 1425 te
392 1386 551 1425 habent
570 1389 619 1424 ut
643 1386 839 1424 fortunae
858 1384 1085 1424 saeuientis
1102 1380 1278 1423 mOdum
1302 1385 1363 1423 ita
1385 1397 1502 1436 spem

235 1466 403 1505 quoque
424 1452 604 1492 melioris
626 1452 812 1491 eiusdem
834 1465 882 1491 ac
902 1451 1135 1503 praesentis
1155 1451 1355 1502 quietem.
1396 1451 1502 1490 scias
1524 1465 1564 1487 20

234 1521 331 1560 licet
361 1533 410 1559 ea
438 1520 609 1559 demum
640 1519 818 1559 fulmina
847 1532 934 1558 esse
963 1518 1205 1565 iustissima,
1236 1532 1345 1569 quae
1374 1518 1502 1557 etiam

235 1587 419 1640 percussi
450 1587 607 1626 colunt.

321 1662 393 1708 14.
456 1654 536 1693 Hic
566 1653 711 1704 itaque
740 1653 946 1704 princeps,
966 1652 1037 1703 qui
1068 1651 1283 1704 publicum
1314 1652 1503 1691 omnium

236 1721 455 1760 hominum
477 1720 678 1759 solacium
700 1723 776 1766 est,
801 1724 874 1758 aut
896 1733 963 1758 me
984 1719 1126 1758 omnia
1147 1719 1300 1758 fallunt
1323 1723 1397 1758 aut
1419 1719 1502 1757 iam

238 1788 442 1827 recreauit
493 1787 681 1826 animum
732 1790 854 1825 tuum
905 1790 946 1825 et
998 1790 1087 1825 tam
1137 1799 1291 1837 magno
1341 1785 1503 1825 uulneri
1525 1795 1563 1828 25

236 1855 397 1894 maiora
427 1854 621 1893 adhibuit
651 1853 847 1892 remedia.
906 1853 990 1892 13111
1020 1857 1062 1891 te
1091 1853 1205 1891 omni
1235 1852 1503 1891 confirmauit

236 1922 386 1961 modo:
420 1921 504 1959 iam
533 1920 676 1960 omnia
704 1920 909 1971 exempla,
938 1920 1092 1971 quibus
1119 1920 1173 1958 ad
1203 1919 1331 1958 animi
1362 1919 1503 1970 aequi-

238 1992 372 2028 tatem
413 1986 759 2040 compellerErisf*
773 1987 1041 2026 tenacissima
1081 1986 1283 2025 memoria
1324 1986 1502 2041 rettulit,

196 2093 197 2098 ,
237 2056 320 2095 13111
372 2055 561 2094 omnium
614 2057 841 2106 praecepta
892 2054 1147 2105 sapientium
1203 2041 1371 2092 assueta
1391 2042 1503 2091 '''sibi

303 2153 321 2180 3
343 2151 422 2189 post
447 2148 583 2180 uiderit
607 2147 828 2189 interpunxit
849 2147 947 2179 Gertz
1040 2151 1057 2178 9
1083 2157 1127 2178 ex
1152 2146 1232 2188 ipso
1257 2147 1392 2187 angulo
1419 2147 1502 2183 ΒΗ,

236 2214 281 2235 ex
300 2203 379 2245 ipso
397 2203 465 2234 hoc
482 2203 617 2244 angulo
634 2202 702 2233 DE
