1623 2444
206 85 255 121 86
726 87 964 124 SENECA

204 195 421 243 deterruit,
456 201 497 236 et
531 197 633 237 nihil
670 198 711 237 in
749 198 925 238 tristitia
960 212 1223 250 superuacua
1258 199 1475 250 stultaque

204 263 400 302 detinuit.
460 278 556 303 cum
576 265 640 304 his
658 269 700 304 te
719 266 929 304 numerari
949 266 1115 304 feminis
1133 266 1230 304 uolo
1250 278 1257 304 :
1294 279 1474 317 quarum

204 329 339 368 uitam
371 344 534 383 semper
565 332 734 371 imitata
765 346 819 379 es,
853 345 997 371 earum
1028 332 1071 371 in
1102 333 1332 372 coercenda
1362 346 1474 371 com-

205 396 508 449 primendaque
535 400 797 450 aegritudine
822 399 982 451 optime
1008 400 1193 451 sequeris
1219 400 1471 453 exemplum.

166 475 178 498 Ι
288 470 360 518 17.
424 465 516 504 Scio
545 479 632 504 rem
664 480 747 505 non
779 480 866 505 esse
897 467 939 505 in
971 470 1116 505 nostra
1145 471 1371 518 potestate,
1399 480 1475 505 nec
1495 475 1511 508 5

202 530 334 570 ullum
373 532 587 571 adfectum
626 534 791 579 seruire,
830 533 1001 572 minime
1038 546 1136 572 uero
1176 546 1271 573 eum
1311 533 1382 584 qui
1422 547 1474 572 ex

202 597 344 637 dolore
368 599 556 638 nascitur
575 612 583 646 ;
624 601 741 639 ferox
766 601 876 639 enim
902 605 942 639 et
971 601 1171 639 aduersus
1195 614 1319 639 omne
1342 613 1472 639 reme-

202 664 319 704 dium
345 670 576 705 contumax
602 671 676 706 est.
736 668 932 706 uolumus
958 667 1126 706 interim
1152 667 1270 706 illum
1296 668 1472 706 obruere

202 736 244 771 et
271 733 472 772 deuorare
496 734 703 785 gemitus:
752 748 826 786 per
850 734 988 786 ipsum
1020 739 1163 773 tamen
1189 734 1471 786 compositum

203 799 435 851 fictumque
493 801 659 840 uoltum
707 801 903 840 lacrimae
951 802 1281 852 profunduntur.
1362 801 1472 840 ludis
1496 814 1533 835 10

204 866 371 906 interim
410 872 483 906 aut
520 868 825 919 gladiatoribus
863 868 1051 907 animum
1088 880 1371 919 occupamus:
1427 872 1471 907 at

203 933 319 972 illum
366 934 475 973 inter
522 935 613 986 ipsa
652 935 806 986 quibus
845 939 1050 974 auocatur
1089 935 1331 987 spectacula
1367 935 1472 974 leuis

162 1015 180 1038 2
204 1001 345 1052 aliqua
365 1002 556 1041 desiderii
578 1007 681 1041 nota
701 1002 878 1041 subruit.
938 1002 1031 1041 ideo
1052 1003 1200 1041 melius
1221 1006 1283 1041 est
1304 1002 1471 1041 uincere

202 1068 319 1107 illum
342 1082 471 1119 quam
494 1069 636 1108 fallere
656 1082 664 1115 ;
704 1082 803 1108 nam
825 1069 896 1120 qui
920 1070 1089 1108 delusus
1111 1074 1152 1108 et
1176 1069 1471 1121 uoluptatibus

204 1139 277 1174 aut
319 1136 668 1187 occupationibus
709 1137 919 1175 abductus
959 1140 1035 1182 est,
1078 1137 1254 1187 resurgit
1296 1140 1336 1175 et
1379 1136 1470 1188 ipsa
1495 1147 1531 1181 15

203 1203 345 1253 quiete
368 1203 575 1255 impetum
600 1204 653 1242 ad
676 1204 949 1242 saeuiendum
972 1203 1144 1255 conligit
1165 1215 1172 1242 z
1214 1207 1258 1242 at
1281 1202 1472 1254 quisquis

203 1270 355 1309 rationi
388 1270 524 1316 cessit,
558 1270 601 1309 in
633 1274 885 1322 perpetuum
918 1270 1200 1322 componitur.
1260 1283 1344 1308 non
1377 1282 1470 1309 sum

202 1337 347 1388 itaque
370 1337 447 1376 tibi
469 1338 539 1376 illa
559 1341 885 1383 monstraturus,
909 1338 1063 1388 quibus
1084 1351 1182 1376 usos
1206 1350 1294 1376 esse
1315 1337 1473 1376 multos

203 1404 299 1450 scio,
344 1408 392 1443 ut
435 1405 770 1456 peregrinatione
812 1409 855 1443 te
896 1404 963 1443 uel
1005 1404 1129 1455 longa
1172 1404 1362 1443 detineas
1404 1403 1471 1442 uel

204 1484 381 1510 amoena
421 1472 613 1517 delectes,
657 1476 704 1511 ut
746 1472 958 1510 rationum
1000 1471 1339 1522 accipiendarum
1380 1470 1472 1509 dili·
1492 1480 1534 1502 20

203 1539 357 1590 gentia,
390 1539 634 1590 patrimonii
667 1538 1044 1584 administratione,
1077 1538 1262 1577 multum
1294 1550 1472 1589 occupes

204 1606 418 1657 temporis,
443 1610 490 1645 ut
514 1619 678 1658 semper
701 1619 811 1644 nouo
833 1609 876 1644 te
900 1605 1040 1657 aliquo
1063 1605 1231 1656 negotio
1254 1604 1442 1656 implices
1462 1616 1469 1642 :

204 1673 343 1712 omnia
390 1673 472 1712 ista
518 1674 571 1712 ad
617 1673 814 1724 exiguum
861 1676 1125 1711 momentum
1170 1675 1347 1723 prosunt
1395 1684 1471 1711 nec

205 1740 388 1779 remedia
420 1740 573 1779 doloris
605 1740 677 1779 sed
708 1740 1013 1791 impedimenta
1044 1744 1171 1784 sunt;
1221 1752 1296 1790 ego
1329 1742 1473 1777 autem

162 1823 183 1858 3
204 1807 316 1846 malo
335 1807 453 1846 illum
473 1808 659 1846 desinere
679 1820 807 1858 quam
827 1806 974 1857 decipi.
1034 1806 1180 1856 itaque
1199 1805 1268 1844 illo
1288 1809 1330 1844 te
1350 1805 1471 1851 dum,
1494 1822 1533 1855 25

205 1887 290 1926 quo
324 1874 533 1921 omnibus,
570 1874 642 1926 qui
677 1874 892 1913 fortunam
927 1873 1108 1924 fugiunt,
1145 1872 1473 1923 confugiendum

205 1945 281 1987 est,
310 1941 363 1980 ad
388 1941 577 1980 liberalia
601 1941 769 1980 studia:
818 1940 889 1979 illa
913 1940 1125 1979 sanabunt
1151 1940 1304 1979 uulnus
1334 1943 1470 1985 tuum,

206 2009 275 2047 illa
323 2021 491 2047 omnem
537 2008 756 2047 tristitiam
806 2007 883 2046 tibi
933 2007 1125 2046 euellent.
1213 2006 1276 2045 his
1325 2005 1474 2045 etiam-

206 2076 238 2114 si
279 2089 512 2126 numquam
554 2076 781 2120 adsuesses,
824 2088 935 2114 nunc
975 2074 1182 2113 utendum
1223 2077 1341 2119 erat;
1399 2072 1473 2111 sed

207 2146 418 2194 quantum
460 2142 537 2181 tibi
577 2142 710 2193 patris
749 2141 830 2180 mei
873 2141 1073 2192 antiquus
1120 2140 1230 2191 rigor
1268 2139 1471 2192 permisit,
1494 2156 1535 2188 30

207 2222 351 2248 omnes
371 2210 505 2248 bonas
527 2213 638 2248 artes
659 2221 743 2248 non
764 2208 935 2260 quidem
957 2207 1269 2259 comprendisti,
1294 2205 1474 2258 attigisti
