1623 2444
209 81 259 114 40
723 72 963 110 SENECA

207 193 363 232 magna
384 180 568 220 fortuna.
628 194 712 220 non
734 181 831 220 licet
854 181 931 220 tibi
955 182 1182 234 quicquam
1206 184 1380 223 arbitrio
1403 188 1478 223 tuo

207 247 370 286 facere:
420 247 631 287 audienda
659 252 759 287 sunt
791 251 856 287 tot
887 249 1106 289 hominum
1136 250 1264 297 milia,
1297 254 1362 290 tot
1394 251 1475 290 dis-

207 314 390 366 ponendi
410 314 536 353 libelli
557 327 566 361 ;
602 318 750 354 tantus
770 328 908 354 rerum
929 328 980 354 ex
1000 317 1099 356 orbe
1120 320 1212 356 toto
1233 318 1475 357 coeuntium

205 374 441 432 congestus,
489 385 538 420 ut
580 381 711 433 possit
750 395 824 433 per
870 383 1058 421 ordinem
1106 397 1228 423 suuni
1276 384 1476 436 principis

205 448 380 486 maximi
409 448 550 487 animo
577 448 723 495 subici,
753 449 982 500 exigendus
1010 454 1085 489 est
1145 463 1228 489 non
1256 451 1353 490 licet
1381 451 1472 497 tibi,
1496 458 1513 491 5

204 514 392 566 inquam
413 515 537 577 flere:
573 519 622 554 ut
638 516 795 555 multos
811 515 959 555 flentes
979 517 1123 555 audire
1141 517 1286 568 possis,
1297 501 1352 574 gut
1369 518 1474 569 peri-

203 581 444 621 clitantium
488 586 529 621 et
572 582 626 621 ad
665 582 994 621 misericordiam
1035 584 1245 623 mitissimi
1287 585 1474 624 Caesaris

203 648 424 699 peruenire
457 647 722 699 cupientium
753 634 945 687 lacrimas
973 649 1135 695 siccare,
1150 637 1366 689 lacrim'ae
1396 650 1473 689 tibi

203 718 303 754 tuae
331 714 609 753 adsiccandae
635 718 748 753 sunt.

162 805 178 830 1
285 787 329 834 7.
390 781 506 820 Haec
523 785 681 827 tamen,
700 781 956 828 etiamnunc,
975 781 1202 821 leuioribus
1218 786 1261 821 te
1281 782 1474 822 remediis
1498 801 1536 823 10

202 848 498 887 adiuuabunt:
558 861 654 886 cum
697 848 812 886 uoles
854 848 1043 908 omnium
1086 862 1224 887 rerum
1267 849 1471 895 obliuisci,

201 915 421 979 Caesarem
451 915 603 966 cogita.
662 914 772 961 uide,
803 919 1011 965 quantam
1041 915 1165 954 huius
1194 916 1236 954 in
1266 920 1308 954 te
1317 916 1472 973 'indul-

200 982 367 1033 gentiae
385 982 524 1027 fidem,
544 986 752 1033 quantam
770 982 1022 1020 industriam
1040 983 1221 1021 debeas:
1258 982 1472 1034 intelleges

142 1067 152 1080 τ
201 1062 285 1088 11011
305 1049 439 1100 magis
460 1049 567 1087 tibi
559 1048 768 1097 mcuruari
790 1048 911 1087 licere
931 1062 1060 1099 quam
1082 1049 1152 1095 illi
1175 1049 1207 1088 51
1229 1050 1323 1100 quis
1343 1050 1471 1089 modo

200 1120 278 1163 est,
314 1115 469 1155 fabulis
502 1115 676 1161 tradito,
710 1115 828 1154 cuius
856 1115 1012 1154 umeris
1042 1116 1227 1155 mundus
1257 1116 1466 1156 innititur.
1495 1130 1530 1163 15

53 1208 58 1218 ι
104 1190 105 1194 ’
159 1194 177 1218 2
200 1183 364 1223 Caesari
399 1196 569 1234 quoque
603 1182 694 1234 ipsi,
731 1182 797 1221 cui
832 1182 975 1221 omnia
1008 1182 1147 1228 licent,
1184 1188 1357 1234 propter
1390 1184 1469 1222 hoc

199 1249 337 1302 ipsum
355 1250 492 1289 multa
511 1263 595 1288 non
613 1249 740 1288 licent
760 1261 768 1288 t
804 1249 993 1288 omnium
1012 1262 1181 1288 somnos
1199 1250 1308 1289 illius
1326 1250 1469 1301 uigilia

198 1317 400 1363 defendit,
426 1317 616 1356 omnium
639 1316 775 1355 otium
799 1316 908 1355 illius
930 1316 1061 1363 labor,
1086 1316 1275 1355 omnium
1299 1317 1468 1356 delicias

197 1384 307 1424 illius
332 1384 552 1430 industria,
580 1383 769 1422 omnium
794 1383 1062 1422 uacationem
1095 1383 1204 1422 illius
1229 1384 1465 1435 occupatio,

196 1464 247 1490 ex
268 1464 352 1502 quo
373 1464 416 1490 se
436 1451 588 1490 Caesar
607 1450 698 1489 orbi
715 1454 922 1489 terrarum
943 1450 1168 1496 dedicauit,
1187 1450 1266 1489 sibi
1287 1450 1464 1502 eripuit;
1487 1468 1529 1490 20

196 1522 238 1557 et
260 1518 443 1558 siderum
465 1518 604 1563 modo
629 1530 738 1568 quae
759 1517 995 1574 inrequieta
1006 1530 1179 1577 semper
1200 1530 1346 1556 cursus
1367 1530 1464 1556 suos

195 1585 421 1637 explicant,
444 1597 679 1635 numquam
699 1584 756 1622 illi
776 1584 874 1623 licet
894 1567 1120 1623 subsistere
1140 1597 1215 1622 nec
1236 1584 1464 1635 quicquam

152 1665 173 1700 3
194 1665 317 1692 suum
336 1652 483 1691 facere.
545 1652 598 1690 ad
615 1651 828 1702 quendam
846 1651 990 1701 itaque
1006 1651 1181 1689 modum
1200 1651 1277 1689 tibi
1295 1664 1464 1702 quoque

194 1720 341 1758 eadem
370 1718 595 1758 necessitas
623 1718 882 1769 iniungitur:
928 1730 1011 1756 non
1038 1717 1134 1756 licet
1163 1717 1241 1756 tibi
1270 1718 1324 1756 ad
1351 1718 1464 1758 utili-

193 1790 305 1826 tates
335 1790 444 1832 tuas,
478 1786 531 1824 ad
561 1785 704 1824 studia
733 1788 810 1823 tua
839 1784 1053 1835 respicere.
1113 1784 1288 1823 Caesare
1318 1784 1462 1823 orbem
1484 1799 1523 1832 25

193 1857 399 1893 terrarum
432 1846 686 1904 possidente,
718 1840 931 1903 impertire
961 1855 1003 1889 te
1039 1863 1114 1889 nec
1143 1851 1357 1902 uoluptati
1387 1864 1486 1890 nect

192 1920 324 1959 dolori
347 1933 423 1959 nec
445 1919 517 1958 ulli
542 1919 610 1958 alii
633 1918 690 1957 rei
712 1922 834 1970 potes
854 1930 861 1956 z
902 1921 1043 1956 totum
1066 1921 1109 1956 te
1131 1918 1296 1957 Caesari
1319 1917 1458 1957 debes.

147 2001 171 2035 4
192 1987 308 2027 adice
331 2000 442 2026 nunc
464 1986 592 2037 quod,
617 1998 713 2025 cum
736 1997 899 2036 semper
920 1984 1136 2036 praedices
1157 1985 1358 2023 cariorem
1382 1984 1460 2032 tibi

1514 1296 1541 1341 Ἡ
1558 1308 1565 1331 Ι,

255 2097 273 2124 1
298 2092 499 2134 quiequam
527 2091 679 2122 arbitrio
706 2093 771 2122 tuo
798 2091 916 2122 facere
941 2090 982 2127 Ο,
1010 2090 1175 2131 inquam,
1201 2089 1278 2121 arb.
1303 2091 1329 2120 t.
1355 2099 1460 2129 agere

187 2145 286 2177 Gertz
333 2149 351 2175 5
378 2144 596 2184 digerendus
613 2143 711 2174 Gertz
817 2147 835 2173 8
861 2142 1030 2173 lacrimas
1054 2142 1189 2173 siccare
1212 2142 1291 2172 add.
1310 2141 1458 2172 Hermes

187 2202 226 2229 15
244 2196 382 2228 tradito
394 2195 540 2237 scripsi:
568 2195 729 2226 traditus
741 2196 768 2225 Ο
837 2199 875 2226 17
893 2204 1041 2225 somnos
1055 2193 1269 2229 scrinarius,
1287 2193 1416 2224 domos
1429 2193 1458 2224 O
