1623 2444
501 61 587 97 AD
616 61 728 98 POL
745 60 942 97 YBJVM
1308 70 1357 104 43

84 171 256 223 propius
275 171 476 210 intuetur.
536 169 639 220 quid
660 169 804 220 itaque
824 169 911 208 eius
930 167 1135 207 desiderio
1154 179 1355 212 maceror,

85 238 157 289 qui
203 242 277 277 aut
323 237 474 276 beatus
519 241 593 275 aut
640 236 778 275 nullus
824 236 921 275 est?
983 235 1157 273 beatum
1203 234 1355 273 deflere

85 304 246 344 inuidia
262 308 337 350 est,
357 304 519 343 nullum
536 303 777 342 dementia!
838 316 891 341 an
909 303 987 340 hoc
1004 305 1220 347 tebmouet,
1240 300 1355 352 quod
1378 311 1400 343 4

84 371 254 411 uidetur
279 370 520 423 ingentibus
546 374 587 409 et
614 383 710 409 cum
735 369 920 408 maxime
945 368 1208 408 circumfusis
1232 367 1355 406 bonis

47 451 63 485 5
84 438 265 478 caruisse
284 439 298 476 ?
360 451 456 477 cum
476 437 726 488 cogitaueris
745 437 884 475 multa
908 448 996 475 esse
1020 448 1129 486 quae
1154 434 1352 486 perdidit,

83 505 223 557 cogita
246 505 368 557 plura
391 517 478 543 esse
503 517 611 555 quae
635 517 719 542 non
744 503 866 542 timet
888 515 894 542 :
937 515 1021 541 non
1052 502 1112 541 ira
1143 515 1239 540 eum
1269 505 1354 540 tor-

83 572 243 623 quebit,
266 585 350 611 non
369 572 542 610 morbus
562 571 730 622 affliget,
753 583 837 609 non
857 569 1038 621 suspicio
1058 569 1246 614 lacesset,
1270 581 1354 607 non

84 639 192 678 edax
229 643 270 678 et
308 633 477 677 inim'i'ca
512 650 676 689 semper
713 637 857 676 alienis
893 636 1157 688 processibus
1193 635 1355 674 inuidia

83 705 410 751 consectabitur,
457 717 541 744 non
585 708 724 743 metus
769 703 1027 749 sollicitabit,
1074 716 1157 742 non
1202 702 1355 741 leuitas

27 790 65 812 10
84 773 298 812 Fortunae
333 772 418 811 cito
450 784 626 811 munera
655 784 731 810 sua
760 770 1053 810 transferentis
1082 769 1351 821 inquietabit.

83 839 116 879 si
145 840 251 878 bene
279 843 512 890 computes,
543 838 638 890 plus
666 838 723 891 illi
753 837 973 876 remissum
1001 850 1131 888 quam
1161 832 1353 888 ereptum

84 910 159 946 est.
206 911 213 925 ‘
229 919 314 945 non
330 906 481 958 opibus
498 906 672 951 fruetur,
692 918 775 944 non
794 905 871 944 tua
888 905 1011 944 simul
1032 918 1079 943 ac
1098 908 1175 943 sua
1191 903 1329 955 gratia
1344 915 1352 949 ;
1377 912 1396 950 5

85 986 169 1013 non
204 973 381 1025 accipiet
414 972 627 1018 beneficia,
660 984 744 1011 non
775 972 924 1010 dabit.'
983 971 1181 1010 miserum
1212 974 1352 1022 putas,

84 1041 199 1092 quod
230 1040 313 1079 ista
345 1040 499 1085 amisit,
534 1053 587 1078 an
618 1039 805 1085 beatum,
840 1039 955 1089 quod
987 1051 1071 1077 non
1103 1037 1349 1077 desiderat?

27 1119 63 1153 15
83 1107 186 1146 mihi
209 1107 342 1153 crede,
367 1107 400 1146 is
422 1106 586 1145 beatior
608 1110 683 1151 est,
708 1106 774 1144 cui
797 1106 970 1144 fortuna
991 1095 1260 1157 superuacua*
1276 1108 1352 1149 est,

84 1188 214 1226 quam
239 1174 286 1221 is,
313 1174 379 1213 cui
405 1177 557 1225 parata
582 1176 657 1212 est.
717 1173 860 1211 omnia
885 1173 967 1211 ista
992 1172 1116 1218 bona,
1145 1185 1254 1223 quae
1279 1184 1355 1210 nos

84 1241 273 1293 speciosa
316 1241 389 1280 sed
434 1239 572 1279 fallaci
618 1240 842 1291 uoluptate
887 1240 1114 1284 delectant,
1161 1238 1353 1290 pecunia,

84 1308 281 1360 dignitas,
309 1307 504 1359 potentia
530 1307 695 1358 aliaque
721 1306 950 1358 complura,
980 1305 1034 1345 ad
1060 1319 1169 1357 quae
1194 1305 1355 1357 generis

85 1375 259 1414 humani
308 1388 434 1414 caeca
481 1374 692 1425 cupiditas
740 1373 1016 1425 obstupescit,
1067 1386 1164 1412 cum
1212 1372 1356 1411 labore

25 1459 66 1482 20
84 1442 366 1494 possidentur,
398 1454 495 1480 cum
524 1440 685 1479 inuidia
714 1440 1043 1491 conspiciuntur,
1076 1453 1145 1479 eos
1175 1439 1356 1490 denique

85 1509 210 1561 ipsos,
250 1521 356 1560 quos
394 1512 614 1553 exornant,
655 1511 696 1546 et
734 1511 946 1558 premunt.
1005 1506 1100 1558 plus
1137 1506 1357 1545 minantur

85 1589 216 1627 quam
249 1579 455 1627 prosunt;
506 1574 668 1613 lubrica
701 1578 742 1613 et
778 1574 939 1613 incerta
972 1578 1084 1620 sunt,
1122 1586 1355 1624 numquam

86 1643 193 1682 bene
238 1646 449 1682 tenentur.
509 1655 621 1687 nam,
662 1645 709 1680 ut
750 1641 852 1679 nihil
892 1641 944 1679 de
982 1645 1172 1692 tempore
1211 1641 1356 1679 futuro

87 1709 301 1755 timeatur,
322 1709 414 1760 ipsa
431 1713 576 1747 tamen
594 1721 772 1759 magnae
790 1707 1005 1746 felicitatis
1024 1698 1161 1746 tutela
1178 1692 1358 1746 sollicita
1386 1741 1411 1762 s*
1432 1740 1452 1745 ,,
1479 1738 1482 1741 .
1501 1735 1503 1737 -

28 1794 67 1827 25
88 1780 176 1815 est:
233 1776 266 1815 si
306 1776 409 1815 uelis
448 1775 614 1814 credere
633 1768 639 1827 ᾖ
655 1774 780 1813 altius
816 1774 1043 1813 ueritatem
1076 1768 1401 1820 intuentibus&
1428 1770 1490 1819 ῙΪ
1547 1778 1572 1808 f

87 1842 224 1882 omnis
257 1842 349 1882 uita
382 1842 635 1894 supplicium
670 1845 745 1880 est.
813 1841 855 1880 in
890 1842 968 1880 hoc
1002 1841 1262 1892 profundum
1296 1841 1358 1880 in-

89 1910 366 1961 quietumque
394 1908 569 1963 proiecti
599 1921 727 1954 mare,
761 1908 932 1947 alternis
963 1889 1149 1947 aestibus
1179 1902 1358 1960 recipro-

89 1989 186 2016 cum
213 1980 255 2015 et
280 1976 407 2015 modo
434 1965 723 2014 allefiafis⁷nos
747 1975 899 2031 subitis
923 1975 1204 2021 incrementis,
1231 1975 1358 2014 modo

91 2043 319 2082 maioribus
346 2042 511 2081 damnis
538 2042 728 2080 deferens
755 2032 1006 2092 assidueque
1032 2042 1208 2087 iactans,
1238 2055 1359 2081 num-

32 2129 72 2160 30
90 2123 219 2161 quam
235 2110 376 2148 stabili
393 2109 661 2148 consistimus
676 2109 779 2154 loco,
790 2109 1022 2159 pendemus
1038 2112 1078 2147 et
1088 2109 1357 2155 fluctuamur,

237 2202 276 2229 20
302 2207 362 2229 eos
381 2197 539 2238 denique
556 2197 653 2237 ipsos
672 2197 803 2233 Haase,
825 2197 1046 2238 eosdemque
1064 2197 1161 2237 ipsos
1180 2198 1207 2228 O
