1623 2444
522 59 609 96 AD
648 58 773 95 HEL
788 58 944 94 VlAsll
1321 66 1361 100 71

100 167 310 218 optimum
341 168 499 207 homini
531 172 606 214 est,
640 168 683 206 id
714 172 835 206 extra
866 168 1096 206 humanam
1128 165 1367 217 potentiam

99 234 235 273 iacet:
283 247 357 274 nec
387 235 477 273 dari
507 248 582 274 nec
612 234 714 286 eripi
744 238 897 286 potest.
957 233 1141 272 mundus
1170 232 1250 278 hie,
1282 244 1367 282 quo

100 301 201 339 nihil
247 314 382 352 neque
427 301 564 340 maius
611 314 745 352 neque
792 301 981 340 ornatius
1028 313 1166 339 rerum
1213 303 1368 338 natura
1427 288 1431 291 d

98 368 256 418 genuit,
281 373 315 407 et
338 369 502 415 animus
524 369 835 419 contemplator
858 368 1173 418 admiratorque
1203 365 1364 410 mundi,

61 447 78 481 5
99 447 195 485 pars
215 435 302 474 eius
321 435 749 487 magnificentissima,
771 435 941 486 propria
960 434 1081 473 nobis
1101 438 1142 472 et
1162 436 1368 484 perpetua

99 505 141 540 et
181 506 270 540 tam
309 502 382 541 diu
413 503 633 541 nobiscum
663 514 863 540 mansura
893 506 992 540 sunt
1024 513 1154 552 quam
1185 500 1257 538 diu
1288 498 1367 550 ipsi

98 569 363 607 manebimus
436 570 592 608 alacres
632 569 777 619 itaque
823 573 864 607 et
911 568 1049 613 erecti,
1097 578 1366 618 quocumque
1391 575 1408 612 5

99 647 163 674 res
195 636 352 682 tulerit,
388 636 598 687 intrepido
631 636 764 687 gradu
796 648 1080 687 properemus,
1117 634 1367 673 emetiamur

97 714 386 753 quascumque
422 707 581 741 terras:
635 702 798 741 nullum
833 702 1011 741 inueniri
1048 701 1219 740 exilium
1255 701 1366 739 intra

41 788 78 811 10
97 770 305 808 mundum
327 774 456 821 potest
471 782 486 813 ,·
521 770 628 808 nihil
654 770 775 815 enim,
798 763 903 820 quod
928 769 1037 808 intra
1062 769 1263 807 mnndum
1289 772 1365 811 est,

98 835 280 874 alienum
332 837 490 875 homini
542 841 617 875 est.
676 837 972 886 undecumque
1023 849 1074 874 ex
1126 847 1261 886 aequo
1313 834 1368 872 ad

96 903 259 941 caelum
279 903 451 954 erigitur
472 903 591 948 acies,
614 903 786 954 paribus
806 903 1039 941 interuallis
1059 902 1202 941 omnia
1222 901 1369 939 diuina

97 969 150 1007 ab
188 970 384 1008 omnibus
421 970 617 1008 humanis
655 970 829 1008 distant.
889 970 1077 1021 proinde,
1117 969 1220 1008 durn
1258 967 1367 1007 oculi
1389 969 1410 1004 6

96 1036 178 1074 mei
212 1037 266 1075 ab
298 1037 368 1075 illo
401 1037 655 1088 spectaculo,
691 1037 808 1075 cuius
841 1036 1102 1075 insatiabiles
1135 1040 1246 1081 sunt,
1283 1047 1367 1073 non

41 1110 77 1144 15
98 1103 377 1150 abducantur,
402 1105 503 1142 dum
525 1104 628 1142 mihi
650 1104 779 1142 solem
800 1104 1030 1154 lunamque
1051 1103 1205 1142 intueri
1227 1102 1365 1147 liceat,

97 1170 200 1209 dum
236 1171 384 1210 ceteris
420 1171 635 1209 inhaerere
671 1171 889 1216 sideribus,
928 1171 1030 1209 dum
1067 1176 1185 1208 ortus
1223 1181 1367 1208 eorum

97 1249 353 1288 occasusque
393 1242 433 1276 et
474 1238 699 1276 interualla
738 1242 779 1276 et
820 1250 967 1276 causas
1007 1237 1261 1288 inuestigare
1300 1236 1367 1274 uel

97 1304 212 1343 ocius
227 1305 395 1343 meandi
412 1305 479 1343 uel
496 1305 671 1350 tardius,
689 1304 788 1343 dum
812 1309 1002 1355 spectare
1024 1308 1088 1342 tot
1105 1317 1179 1355 per
1197 1307 1366 1342 noctem

96 1371 240 1410 stellas
260 1371 470 1417 micantis,
494 1375 535 1410 et
557 1371 659 1410 alias
681 1371 929 1417 immobiles,
953 1371 1056 1410 alias
1077 1384 1161 1409 non
1188 1370 1229 1409 in
1250 1382 1366 1421 mag-

37 1454 79 1477 20
98 1451 199 1477 num
215 1438 402 1489 spatium
418 1438 611 1477 exeuntis
628 1439 700 1477 sed
716 1438 829 1477 intra
844 1451 968 1476 suurn
985 1451 1027 1476 se
1044 1436 1366 1489 circumagentis

97 1505 334 1556 uestigium,
356 1505 564 1556 quasdam
584 1505 725 1571 subito
751 1505 1021 1556 erumpentis,
1044 1504 1281 1555 quasdam
1272 1516 1366 1555 igne

97 1571 190 1610 fuso
216 1572 563 1623 praestringentis
592 1560 735 1618 aciem,
763 1572 882 1623 quasi
913 1572 1123 1617 decidant,
1151 1572 1217 1610 uel
1241 1571 1365 1621 longo

98 1643 240 1678 tractu
269 1652 365 1678 cum
390 1639 481 1680 luce
504 1639 641 1678 multa
663 1638 1030 1690 praeteruolantis,
1056 1639 1158 1684 dum
1182 1651 1279 1677 cum
1302 1638 1366 1676 his

98 1705 189 1752 sim,
227 1710 269 1745 et
304 1706 566 1752 caelestibus,
595 1719 690 1771 qua
724 1706 883 1744 homini
918 1706 982 1744 fas
1017 1710 1093 1752 est,
1130 1705 1364 1751 inmiscear,

39 1787 78 1821 25
99 1773 201 1811 dum
225 1773 414 1812 animum
438 1773 492 1811 ad
515 1746 792 1824 cognatarum
815 1786 954 1811 rerum
978 1777 1252 1824 conspectum
1275 1776 1366 1810 ten—

99 1840 270 1878 dentem
296 1840 339 1878 in
366 1839 533 1879 sublimi
560 1853 724 1891 semper
750 1840 958 1878 habeam:
1002 1844 1213 1890 quantum
1240 1839 1365 1877 refert

99 1919 205 1952 mea,
241 1907 344 1958 quid
376 1907 567 1945 calcem?

167 2023 187 2049 4
203 2021 241 2049 et
257 2019 336 2050 add.
356 2018 454 2049 Gertz
542 2022 559 2048 9
577 2018 727 2049 exilium
741 2018 873 2054 Haase,
895 2018 1030 2049 &illum
1043 2017 1071 2047 A
1169 2022 1206 2049 10
1226 2021 1365 2059 potest;

102 2070 191 2101 nihil
233 2070 328 2101 enirn
372 2070 471 2112 quod
509 2070 607 2101 intra
647 2070 828 2101 mundum
870 2071 949 2101 add.
999 2070 1150 2101 Vahlen:
1201 2071 1366 2101 lacunam

100 2122 277 2154 indicauit
294 2123 444 2163 illadm'g
535 2127 573 2154 17
600 2123 658 2153 uel
676 2122 776 2153 ocius
794 2123 833 2154 C.
852 2123 894 2154 F.
918 2122 970 2155 W.
988 2123 1134 2159 Mslller,
1154 2123 1316 2154 uelocius
1334 2122 1361 2152 A

101 2180 140 2207 18
164 2176 253 2207 dum
270 2177 350 2207 add.
369 2176 467 2207 Gertz

0 2279 67 2303 Lata:
84 2274 90 2292 ’Ῐ
269 2272 275 2282 'i
294 2274 317 2285 *J
