1571 2444
373 468 421 509 L.
466 468 718 509 ANNAEI
767 469 1064 510 SENECAE

214 600 774 653 DIALOGORVM
838 602 1097 655 LIBER
1157 604 1209 655 X

502 722 578 758 AD
620 723 918 759 PAVLINVM

441 827 505 857 DE
539 827 814 857 BREYITATE
847 827 997 858 VITAE

167 955 207 993 Ι,
268 945 407 985 Maior
441 958 540 997 pars
577 945 834 992 mortalium,
860 946 1047 993 Pauline,
1087 947 1138 986 de
1176 952 1353 989 naturae
1379 960 1393 983 1

78 1013 346 1066 malignitate
375 1013 660 1064 conqueritur,
693 1013 809 1064 quod
839 1014 882 1053 in
913 1014 1111 1065 exiguum
1143 1015 1236 1054 aeui
1266 1016 1352 1068 gig-

79 1094 243 1128 namur,
279 1080 396 1132 quod
428 1080 531 1119 haec
566 1084 657 1118 tam
691 1080 903 1127 uelociter,
940 1085 1031 1120 tam
1066 1082 1223 1133 rapide,
1260 1084 1350 1123 dati

78 1148 200 1187 nobis
237 1147 439 1199 temporis
477 1147 616 1199 spatia
653 1147 892 1195 decurrant,
933 1148 1038 1187 adeo
1075 1154 1123 1188 ut
1162 1151 1350 1202 exceptis

43 1230 60 1262 5
77 1215 309 1255 admodum
334 1214 480 1266 paucis
506 1219 666 1254 ceteros
692 1214 735 1253 in
762 1215 852 1266 ipso
879 1216 994 1255 uitae
1021 1221 1231 1268 apparatu
1257 1218 1349 1257 uita

76 1283 296 1322 destituat.
357 1294 432 1321 nec
478 1281 574 1321 huic
619 1281 801 1333 publico,
850 1287 898 1322 ut
945 1283 1186 1334 opinantur,
1235 1285 1347 1324 malo

76 1350 204 1389 turba
237 1353 409 1388 tantum
443 1352 484 1387 et
519 1348 764 1400 imprudens
798 1350 946 1401 uolgus
980 1350 1212 1401 ingemuit:
1265 1352 1347 1391 cla-

75 1429 219 1456 rorum
233 1428 402 1468 quoque
418 1415 606 1454 uirorum
622 1416 688 1454 hic
705 1416 898 1456 adfectus
913 1417 1118 1468 querellas
1135 1419 1344 1459 euocauit.

75 1483 172 1523 inde
195 1484 265 1522 illa
288 1483 462 1523 maximi
487 1483 746 1522 medicorum
769 1484 1022 1523 exclamatio
1046 1489 1109 1523 est
1130 1497 1137 1523 :
1180 1485 1188 1499 ‘
1208 1485 1345 1525 uitam

21 1568 59 1590 10
74 1551 247 1590 breuem
278 1563 377 1596 esse,
410 1551 580 1601 longam
611 1554 747 1589 artem
766 1551 805 1596 ';
843 1551 940 1590 inde
972 1551 1211 1591 Aristotelis
1247 1566 1344 1592 cum
1369 1567 1386 1590 2

74 1631 213 1657 rerum
246 1622 400 1657 natura
433 1617 637 1669 exigentis
670 1617 842 1656 minime
876 1618 1129 1657 conueniens
1162 1620 1341 1672 sapienti

75 1686 166 1725 uiro
185 1685 236 1724 lis
255 1697 262 1724 :
303 1686 310 1698 ¹
333 1685 486 1724 aetatis
506 1685 622 1723 illam
643 1684 895 1723 animalibus
921 1689 1093 1724 tantum
1122 1686 1343 1726 indulsisse

73 1756 122 1792 ut
148 1752 278 1804 quina
304 1756 378 1791 aut
405 1752 514 1791 dena
539 1752 706 1790 saecula
731 1752 969 1797 educerent,
998 1752 1157 1791 homini
1183 1753 1226 1792 in
1251 1758 1342 1794 tam

74 1820 211 1859 muita
244 1832 291 1858 ac
325 1832 479 1871 magna
511 1818 653 1870 genito
687 1822 810 1857 tanto
844 1819 1079 1858 citeriorem
1112 1821 1342 1860 terminum

20 1901 56 1935 15
73 1887 213 1926 stare.'
273 1899 357 1925 non
381 1886 580 1937 exiguum
603 1885 805 1937 temporis
828 1885 1033 1924 habemus
1057 1887 1133 1925 sed
1156 1888 1340 1927 multum
1363 1900 1384 1936 3

72 1954 298 2005 perdimus.
358 1953 461 1992 satis
484 1953 610 2004 longa
628 1952 732 1998 uita,
755 1956 796 1991 et
823 1952 865 1991 in
892 1952 1176 1993 maximarum
1202 1968 1341 1995 rerum

145 2071 163 2098 2
190 2066 383 2108 gignamur
396 2065 525 2106 Pauly,
539 2064 723 2105 gignimur
733 2064 762 2094 A
838 2068 855 2094 7
866 2063 1081 2105 imprudens
1094 2071 1133 2102 ε’,
1146 2066 1343 2108 impudens

71 2122 101 2153 A
207 2125 245 2153 12
263 2121 326 2152 lis:
345 2119 480 2152 aetatis
496 2119 597 2150 illam
614 2119 723 2156 Gertz,
740 2119 783 2150 lis
801 2122 827 2150 ἕ.
847 2121 888 2150 at
900 2118 962 2150 isti
975 2119 1057 2150 Iam
1073 2120 1102 2151 A
1207 2126 1245 2153 16
1263 2132 1343 2164 per—

73 2177 195 2209 dimus
213 2182 252 2213 ς,
271 2175 499 2217 perdidimus
516 2175 544 2205 A
643 2175 723 2205 uita
745 2177 871 2205 <est>
894 2174 992 2206 Gertz

176 2253 216 2277 D.
236 2251 268 2276 S.
1220 2251 1235 2275 1
