1623 2444
564 58 651 94 AD
689 58 811 95 HEL
827 59 983 96 VsAsts
1359 68 1405 105 73

138 167 208 206 illo
234 172 435 229 tempore.
494 167 639 218 itaque
666 167 794 206 adicit
815 179 822 206 :
866 167 1005 206 uisum
1030 167 1109 206 sibi
1136 179 1179 205 se
1204 165 1338 216 magis
1364 165 1407 203 in

138 235 309 274 exilium
336 235 406 281 ire,
435 234 507 285 qui
534 234 621 273 sine
648 234 717 272 illo
744 234 955 273 rediturus
982 237 1103 279 esset,
1132 246 1262 284 quam
1288 232 1406 270 illum

137 301 180 340 in
222 302 344 340 exilio
387 301 576 352 relinqui.
636 314 660 339 o
703 301 1027 359 fortunatiorem
1071 300 1315 339 Marcellum
1358 308 1447 346 005

137 372 339 420 tempore,
366 381 450 419 quo
475 368 646 406 exilium
671 381 794 407 suum
818 343 954 406 Bruto
980 366 1249 419 adprobauit,
1276 378 1406 417 quam

101 447 117 480 5
137 448 222 486 (1110
249 435 306 474 101
333 435 526 486 1)111)11030
554 435 847 474 consulatum!
908 439 1096 485 quantus
1122 434 1190 472 ille
1217 433 1282 472 uir
1310 432 1405 478 fuit,

137 501 210 552 qui
245 502 382 541 effecit
416 506 464 541 ut
501 502 651 552 aliquis
690 502 786 540 exul
821 501 899 540 sibi
938 501 1166 547 uideretur,
1203 500 1318 551 quod
1354 499 1407 538 ab

138 569 259 607 exule
282 569 492 608 recederet
514 569 520 607 l
580 573 767 619 quantus
790 568 855 607 uir
879 568 972 613 11111,
999 568 1071 619 (1111
1096 568 1138 606 111
1164 566 1407 606 3(1111113110-

138 648 235 674 nem
264 636 327 674 sui
357 635 536 674 adduxit
566 635 779 674 hominem
809 634 939 674 etiam
968 635 1118 674 Catoni
1148 647 1224 673 suo
1252 633 1407 673 miran-

138 702 267 741 dum!
330 702 441 741 idem
490 703 650 741 Brutus
699 702 758 741 ait
807 702 850 741 C.
907 702 1127 741 Caesarem
1181 701 1408 752 Mytilenas
1429 704 1450 739 6

83 782 120 805 10
138 773 491 820 praetemectum,
509 769 609 820 quia
624 782 708 808 non
723 769 949 808 sustineret
964 769 1106 808 uidere
1122 769 1408 807 deformatum

138 836 289 875 uirum.
348 836 406 874 illi
433 836 605 887 quidem
632 836 816 875 reditum
842 836 1074 887 inpetrauit
1103 839 1275 874 senatus
1301 834 1408 886 pub-

138 902 226 942 licis
248 903 442 954 precibus
464 907 554 941 tam
577 902 779 942 sollicitus
803 916 850 942 ac
872 907 1073 949 maestus,
1097 907 1146 942 ut
1169 915 1314 941 omnes
1337 901 1407 939 illo

139 969 206 1009 die
246 970 369 1008 Bruti
411 970 564 1008 habere
607 970 794 1009 animum
835 970 1081 1009 uiderentur
1120 974 1163 1009 et
1205 982 1289 1008 non
1330 981 1406 1020 pro

139 1037 334 1076 Marcello
368 1037 441 1075 sed
474 1049 550 1088 pro
584 1049 626 1075 se
661 1037 887 1088 deprecari,
923 1049 975 1076 ne
1009 1036 1151 1075 exules
1193 1040 1331 1075 essent
1374 1035 1405 1074 si

83 1116 118 1149 15
139 1103 227 1142 sine
263 1103 332 1142 illo
369 1103 575 1149 fuissent;
629 1104 702 1142 sed
738 1104 832 1155 plus
868 1104 1004 1143 multo
1041 1108 1292 1142 consecutus
1329 1106 1406 1148 est,

138 1182 224 1221 quo
252 1170 319 1209 die
347 1170 464 1209 illum
493 1170 658 1209 exulem
687 1171 847 1209 Brutus
876 1171 1108 1221 relinquere
1137 1183 1220 1209 non
1250 1169 1406 1221 potuit,

139 1237 291 1276 Caesar
312 1237 465 1276 uidere.
525 1237 703 1288 contigit
726 1238 837 1276 enim
860 1237 917 1276 illi
939 1237 1231 1276 testimonium
1254 1236 1408 1287 utrius-

140 1316 249 1355 que:
295 1304 455 1343 Brutus
483 1304 571 1342 sine
600 1304 795 1342 Marcello
824 1304 977 1343 reuerti
1006 1318 1049 1343 se
1078 1304 1226 1350 doluit,
1257 1304 1409 1343 Caesar

140 1371 321 1410 erubuit.
381 1384 483 1410 num
509 1370 694 1417 dubitas,
723 1371 825 1422 quin
852 1384 894 1410 se
920 1371 987 1410 ille
1014 1371 1234 1410 Marcellus
1260 1374 1408 1410 tantus
1431 1387 1449 1423 7

80 1450 122 1473 20
140 1438 205 1477 uir
240 1438 297 1477 sic
334 1438 387 1476 ad
423 1438 690 1477 tolerandum
728 1451 862 1489 aequo
899 1438 1039 1477 animo
1076 1438 1247 1476 exilium
1283 1450 1407 1489 saepe

141 1505 394 1544 adhortatus
412 1505 480 1544 sit.
535 1505 542 1518 ‘
561 1505 677 1555 quod
696 1505 836 1556 patria
855 1518 982 1551 cares,
1004 1518 1088 1544 non
1109 1509 1172 1544 est
1191 1505 1403 1544 miserum.

140 1572 202 1611 ita
239 1576 282 1610 te
320 1571 548 1623 disciplinis
585 1571 773 1618 inbuisti,
813 1576 860 1611 ut
900 1572 1024 1611 scires
1061 1584 1230 1611 omnem
1267 1572 1406 1610 locum

140 1638 321 1690 sapienti
356 1638 448 1677 uiro
482 1638 665 1689 patriam
701 1651 800 1677 esse.
860 1639 963 1690 quid
998 1652 1121 1690 porro
1141 1639 1156 1678 Ρ
1218 1639 1297 1685 1110,
1335 1641 1407 1689 (1111

141 1710 184 1745 10
205 1705 380 1757 expulit,
402 1718 487 1744 non
487 1705 595 1756 ipse
614 1718 688 1757 per
709 1718 840 1744 annos
861 1706 1005 1744 decem
1025 1706 1248 1745 continuos
1268 1705 1408 1757 patria

83 1786 122 1819 25
142 1772 276 1812 caruit
295 1772 310 1810 ?
370 1759 634 1823 propagandi
664 1772 753 1811 sine
778 1772 908 1811 dubio
940 1772 1103 1824 imperii
1137 1785 1292 1812 causa:
1331 1772 1405 1811 sed

141 1852 292 1891 nempe
316 1838 465 1877 caruit.
525 1851 636 1877 nunc
670 1851 763 1878 ecce
792 1840 923 1878 trahit
958 1840 1075 1878 illum
1106 1840 1160 1878 ad
1193 1853 1236 1878 se
1263 1840 1406 1878 Africa
1428 1843 1450 1878 8

141 1905 395 1957 resurgentis
430 1905 526 1944 belli
559 1905 683 1944 minis
711 1906 849 1958 plena,
881 1906 1012 1945 trahit
1047 1906 1266 1958 Hispania,
1298 1919 1407 1958 quae

141 1973 298 2012 fractas
331 1976 373 2011 et
410 1972 602 2011 adflictas
636 1977 779 2024 partes
808 1973 983 2019 refouet,
1018 1973 1149 2012 trahit
1185 1974 1407 2025 Aegyptus

142 2039 285 2085 infida,
318 2043 435 2078 totus
468 2039 648 2090 denique
684 2039 808 2086 orbis,
840 2040 911 2090 qui
943 2041 997 2078 ad
1018 2040 1280 2079 occasionem
1310 2053 1406 2079 con-

83 2121 124 2152 30
142 2106 250 2146 cussi
275 2105 437 2157 imperii
453 2106 643 2144 intentus
659 2110 734 2145 est.
794 2107 859 2145 cui
884 2106 1069 2158 primum
1094 2107 1151 2145 rei
1177 2107 1401 2146 occurret?

142 2172 209 2212 cui
233 2173 346 2224 parti
372 2185 415 2211 se
446 2173 668 2224 opponet?
730 2177 824 2224 aget
859 2174 976 2213 illum
1001 2187 1075 2225 per
1104 2187 1250 2213 omnes
1274 2178 1407 2212 terras
