1623 2444
500 44 587 80 AD
617 43 691 80 ΡΑ
709 43 948 79 VLJNVM
1333 59 1354 95 3

84 159 160 194 est.
219 157 370 205 urgent
398 157 440 191 et
467 152 745 191 circumstant
772 151 879 190 uitia
905 152 1092 203 undique
1120 166 1195 192 nec
1222 166 1355 193 resur·
1378 166 1398 201 3

83 234 177 273 gere
200 225 274 260 aut
296 221 339 259 in
361 220 599 272 dispectum
620 218 707 257 ueri
728 219 921 257 attollere
941 219 1082 257 oculos
1101 220 1259 267 sinunt,
1282 221 1356 260 sed

84 289 287 327 inmersos
319 291 360 326 et
393 287 436 325 in
468 286 749 337 cupiditatem
780 285 932 336 infixos
963 290 1175 337 premunt.
1235 301 1355 327 num-

84 368 215 407 quam
247 354 327 393 illis
360 365 569 392 recurrere
603 353 657 391 ad
690 365 733 391 se
765 352 891 399 licet;
942 353 975 391 si
1008 353 1180 404 quando
1215 354 1356 406 aliqua

48 438 64 470 5
85 421 263 461 fortuito
302 421 420 471 quies
458 420 650 471 contigit,
691 419 808 458 uelut
847 420 1107 470 profundum
1145 433 1273 468 mare,
1313 421 1356 460 in

84 501 169 540 quo
197 493 294 540 post
323 492 502 526 uentum
531 499 700 538 quoque
728 486 939 525 uolutatio
973 491 1049 534 est,
1079 487 1355 535 fluctuantur,

85 569 161 595 nec
196 568 402 606 umquam
438 555 517 593 illis
560 567 585 592 a
620 553 928 605 cupiditatibus
969 554 1054 593 suis
1090 554 1226 594 otium
1254 559 1354 594 stat.

85 623 137 662 de
168 622 262 662 istis
292 634 360 661 me
390 625 518 673 putas
550 620 699 667 dicere,
733 633 916 672 quorum
947 622 990 659 in
1022 621 1213 660 confesso
1245 623 1358 662 mala
1380 634 1402 667 4

85 689 219 729 sunt?
276 688 415 740 aspice
451 688 554 734 illos,
594 688 648 726 ad
683 700 866 738 quorum
901 688 1150 727 felicitatem
1186 702 1357 729 concur-

29 770 68 792 10
85 757 218 796 ritur:
262 755 384 794 bonis
409 755 496 811 suis
522 755 796 794 suffocantur.
857 767 987 805 quam
1012 755 1157 794 multis
1183 757 1358 796 diuitiae

85 836 235 875 graues
277 823 403 862 sunt!
437 809 574 873 5quarn
603 822 836 860 multorum
868 822 1111 873 eloquentia
1143 824 1357 862 cotidiano

85 889 329 929 ostentandi
361 889 514 941 ingenii
547 889 689 928 studio
726 889 974 940 sanguinem
1016 890 1184 930 educit!
1228 904 1358 942 quam

85 957 209 997 multi
238 956 450 996 continuis
488 955 785 1007 uoluptatibus
819 956 1008 1008 pallent!
1053 970 1184 1008 quam
1213 958 1358 997 multis

86 1024 189 1064 nihil
217 1023 335 1063 liberi
366 1023 565 1074 relinquit
595 1023 874 1062 circumfusus
902 1024 1119 1064 clientium
1147 1025 1355 1076 populus!

30 1104 65 1138 15
86 1091 222 1130 omnis
260 1090 441 1141 denique
478 1090 582 1129 istos
621 1090 675 1129 ab
713 1090 868 1129 infimis
905 1104 1039 1142 usque
1078 1092 1133 1130 ad
1171 1104 1358 1131 summos

85 1170 279 1210 pererra:
323 1157 390 1196 hic
416 1157 612 1203 aduocat,
640 1157 707 1196 hic
733 1158 867 1204 adest,
895 1157 962 1196 ille
986 1158 1263 1210 periclitatur,
1291 1159 1359 1197 ille

87 1225 290 1271 defendit,
331 1224 399 1263 ille
437 1224 610 1270 iudicat,
651 1237 774 1263 nemo
813 1237 856 1264 se
894 1225 972 1264 sibi
1010 1225 1213 1272 uindicat,
1254 1226 1359 1265 alius

87 1292 130 1331 in
173 1292 302 1331 alium
344 1291 620 1330 consumitur.
679 1291 892 1343 interroga
935 1292 986 1330 de
1029 1292 1133 1339 istis,
1178 1306 1359 1344 quorum

87 1359 260 1398 nomina
290 1358 564 1405 ediscuntur;
613 1358 677 1396 his
708 1358 800 1397 illos
831 1359 991 1398 dinosci
1023 1359 1186 1398 uidebis
1218 1360 1356 1399 notis:

28 1440 70 1463 20
89 1426 175 1465 ‘ille
193 1426 303 1465 illius
321 1425 458 1464 cultor
477 1429 552 1471 est,
571 1425 637 1463 hic
656 1425 785 1464 illius'
796 1438 805 1472 ;
828 1439 928 1465 suus
946 1439 1069 1465 nemo
1089 1431 1164 1465 est.
1209 1427 1360 1466 deinde
1383 1434 1401 1470 5

87 1492 404 1532 dementissima
430 1492 700 1543 quorundam
726 1492 962 1544 indignatio
989 1498 1079 1532 est:
1124 1498 1361 1544 queruntur

87 1561 140 1599 de
172 1559 435 1612 superiorum
469 1559 653 1605 fastidio,
689 1560 805 1610 quod
837 1560 938 1611 ipsis
971 1560 1086 1599 adire
1119 1560 1359 1599 uolentibus

88 1639 172 1666 non
191 1626 438 1666 uacauerint
459 1626 465 1664 ἔ
505 1626 634 1664 audet
655 1626 881 1677 quisquam
901 1627 953 1665 de
973 1627 1144 1666 alterius
1163 1627 1360 1679 superbia

87 1694 218 1745 queri,
247 1693 319 1745 qui
346 1693 424 1732 sibi
451 1693 540 1744 ipse
566 1705 786 1744 nunquam
812 1694 974 1732 uacat?
1036 1694 1104 1733 ille
1131 1698 1275 1733 tamen
1302 1698 1356 1740 te,

28 1774 67 1807 25
87 1760 278 1812 quisquis
303 1773 358 1806 es,
379 1760 575 1798 insolenti
600 1760 773 1811 quidem
798 1761 923 1799 uultu
947 1761 1021 1799 sed
1046 1761 1273 1812 aliquando
1299 1774 1359 1799 re-

88 1827 240 1880 spexit,
262 1827 330 1866 ille
355 1839 475 1865 aures
494 1839 591 1865 suas
616 1827 670 1865 ad
694 1830 771 1866 tua
794 1827 925 1866 uerba
949 1828 1130 1874 demisit,
1152 1828 1219 1866 ille
1243 1832 1286 1866 te
1305 1827 1359 1866 ad

87 1883 200 1934 latus
224 1907 348 1933 suum
367 1893 542 1945 recepit:
579 1898 628 1932 tu
646 1906 731 1932 non
750 1894 953 1946 inspicere
973 1899 1015 1933 te
1033 1908 1252 1945 umquam,
1274 1907 1358 1934 non

4 1965 37 2000 le
54 1966 68 2002 ’,ἓ
91 1962 238 2001 audire
269 1961 469 2012 dignatus
494 1973 548 2000 es.
608 1973 693 1999 non
718 1965 781 2000 est
806 1961 952 2012 itaque
977 1962 1092 2012 quod
1116 1962 1199 2000 ista
1223 1961 1360 2001 officia

158 2049 175 2076 1
192 2046 328 2086 urgent
341 2046 378 2074 et
392 2043 553 2084 Madvig,
569 2045 742 2084 urgentes
753 2044 781 2074 A
852 2049 871 2075 5
890 2044 994 2075 uelut
1007 2044 1192 2084 profundo
1206 2044 1299 2076 mari
1311 2045 1358 2076 A:

90 2096 293 2143 corn-Gertz
385 2099 402 2126 7
430 2096 508 2127 stat
525 2095 687 2136 *Madvig
707 2098 765 2126 sta
783 2095 811 2126 A
912 2099 950 2126 10
977 2096 1207 2127 suffocantur
1223 2097 1357 2134 Gruter,

92 2149 298 2181 effocantur
310 2147 339 2178 A
441 2151 479 2178 12
507 2146 632 2178 studio
643 2147 806 2188 Lipsius,
822 2146 945 2187 spatio
957 2147 1003 2178 A:
1030 2150 1069 2179 et
1087 2147 1275 2179 cotidiana
1290 2157 1321 2179 o.
1337 2147 1359 2179 i.

92 2200 288 2243 occupatio
306 2199 408 2232 malit
425 2199 524 2231 Gertz
622 2203 661 2230 25
685 2209 722 2230 es
745 2199 957 2240 Wesenberg,
978 2201 1034 2230 est
1052 2199 1080 2229 A

1162 2252 1258 2277 1—2
