1623 2444
205 69 246 91 12
721 56 959 93 SENECA

198 179 396 205 numerus
429 166 620 217 proponi,
656 166 714 205 sic
748 166 1001 212 futurorum,
1037 166 1251 217 quomodo
1285 165 1357 212 illi,
1393 165 1466 217 qui

198 245 355 284 paucos
378 233 571 272 uiderent
595 245 821 284 superesse,
848 232 1123 284 trepidarent,
1149 233 1363 284 quomodo
1387 232 1467 272 illis

198 300 444 351 parcerent!
506 299 625 350 atqui
661 299 782 338 facile
818 303 880 338 est
917 300 1113 350 quamuis
1149 299 1349 351 exiguum
1385 299 1467 338 dis-

198 379 385 418 pensare,
416 366 531 417 quod
558 370 721 405 certum
749 370 811 405 est
832 378 840 412 ;
886 366 928 405 id
956 366 1082 406 debet
1110 366 1267 405 seruari
1295 365 1467 418 diligen—

157 450 179 482 4
199 433 296 480 tius,
328 433 443 484 quod
476 433 636 472 nescias
670 434 841 484 quando
876 433 1056 472 deficiat.
1115 446 1192 472 nee
1225 436 1288 472 est
1322 437 1467 472 tamen
1488 439 1505 473 5

198 500 315 551 quod
339 504 464 551 putes
490 499 581 538 illos
607 500 809 551 ignorare,
837 513 967 551 quam
993 513 1091 539 cara
1116 512 1180 539 res
1205 500 1259 539 sit
1280 512 1286 538 :
1331 500 1467 539 dicere

199 567 334 606 solent
354 567 424 613 eis,
446 579 552 618 quos
570 567 812 606 ualdissime
832 567 1025 618 diligunt,
1046 570 1219 618 paratos
1237 580 1281 606 se
1299 570 1466 618 partem

199 646 407 673 annorum
434 646 606 672 suorum
633 634 744 672 dare.
804 634 908 673 dant
936 647 1012 673 nee
1038 634 1287 685 intellegunt
1308 646 1317 680 ;
1360 633 1465 673 dant

199 704 343 739 autem
367 700 439 746 ita,
465 704 513 739 ut
538 700 625 739 sine
648 700 814 740 illorum
837 694 1096 740 incremento
1119 700 1198 740 sibi
1221 700 1463 740 detrahant.

198 768 272 806 sed
304 767 383 806 hoc
415 768 567 819 ipsum,
603 780 657 806 an
690 768 930 814 detrahant,
966 767 1187 814 nesciunt;
1236 767 1330 806 ideo
1362 767 1467 807 tole·
1491 776 1528 798 10

158 834 340 882 5rabilis
383 838 445 873 est
488 834 567 873 illis
608 834 773 873 iactura
813 834 1056 874 detrimenti
1098 834 1282 873 latentis.
1341 846 1466 873 nemo

198 901 392 940 restituet
428 914 572 947 annos,
609 914 732 940 nemo
770 901 923 940 iterum
961 905 1003 940 te
1041 901 1118 940 tibi
1153 901 1313 941 reddet.
1372 900 1464 948 ibit,

197 981 283 1019 qua
315 969 465 1020 coepit,
502 972 618 1007 aetas
651 981 726 1007 nec
759 981 927 1007 cursum
968 981 1092 1007 suum
1134 972 1208 1007 aut
1250 968 1466 1007 reuocabit

198 1039 272 1074 aut
295 1035 543 1087 supprimet.
599 1035 700 1074 nihil
723 1035 1068 1084 tumultuabitur,
1093 1035 1195 1074 nihil
1219 1034 1465 1074 admonebit

197 1102 436 1141 uelocitatis
469 1114 596 1141 suae:
649 1102 782 1141 tacita
815 1102 994 1142 labetur.
1060 1115 1145 1141 non
1179 1102 1250 1141 illa
1283 1115 1326 1142 se
1359 1101 1465 1154 regis
1490 1117 1525 1150 15

197 1169 384 1221 imperio,
421 1182 505 1209 non
539 1169 684 1208 fauore
717 1169 863 1221 populi
897 1169 1060 1221 longius
1093 1169 1304 1221 proferet:
1355 1169 1465 1209 sicut

197 1237 324 1276 missa
354 1240 417 1275 est
448 1250 474 1275 a
502 1235 638 1287 primo
669 1236 748 1282 die,
780 1240 932 1282 curret,
965 1249 1175 1288 nusquam
1205 1236 1462 1282 deuertetur,

197 1316 408 1354 nusquam
432 1303 724 1342 remorabitur.
784 1303 887 1354 quid
910 1304 983 1342 fiet
1003 1303 1018 1343 ?
1079 1307 1127 1342 tu
1151 1307 1383 1355 occupatus
1406 1316 1462 1349 es,

196 1371 288 1410 uita
319 1370 522 1410 festinat:
571 1382 683 1410 mors
714 1370 883 1423 interim
915 1370 1061 1417 aderit,
1095 1370 1175 1417 cui,
1208 1369 1312 1409 uelis
1343 1370 1462 1417 nolis,

196 1437 438 1477 uacandum
463 1441 539 1477 est.
1486 1460 1527 1482 20

160 1526 170 1548 1
279 1513 323 1558 9.
372 1505 574 1544 Potestne
587 1504 817 1556 quicquam
833 1517 920 1543 esse
935 1504 1069 1543 leuius
1084 1503 1304 1543 hominum
1320 1516 1464 1543 eorum

195 1572 349 1612 iudicio
371 1572 442 1624 qui
472 1572 743 1624 prudentiam
776 1571 971 1610 iactant?
1032 1570 1246 1623 operosius
1270 1570 1464 1622 occupati

195 1643 308 1685 sunt,
333 1644 381 1679 ut
404 1639 553 1678 melius
574 1638 737 1691 possint
760 1638 903 1677 uiuere
922 1650 931 1685 ;
970 1637 1168 1690 inpendio
1191 1637 1306 1676 uitae
1327 1637 1464 1677 uitam

195 1705 434 1752 instruunt;
478 1706 756 1758 cogitationes
794 1718 892 1744 suas
937 1704 980 1744 in
1030 1705 1203 1756 longum
1250 1704 1462 1744 ordinant.

194 1773 382 1812 maxima
405 1786 529 1825 porro
553 1773 668 1812 uitae
692 1772 858 1811 iactura
882 1772 1029 1815 dilatio
1053 1775 1116 1811 est
1136 1783 1144 1811 :
1185 1771 1257 1810 illa
1279 1771 1464 1823 primum
1484 1783 1525 1817 25

194 1852 405 1892 quemque
430 1840 615 1879 extrahit
635 1840 759 1885 diem,
779 1839 850 1878 illa
865 1838 988 1890 eripit
1012 1838 1252 1890 praesentia
1275 1838 1378 1877 dum
1402 1838 1464 1877 ul-

194 1906 348 1946 teriora
364 1907 590 1959 promittit.
650 1906 885 1945 maximum
904 1905 1087 1944 uiuendo
1112 1905 1463 1957 impedimentum

263 2029 301 2056 10
329 2025 553 2055 andetraant
579 2023 625 2060 A,
654 2023 753 2054 unde
781 2022 983 2054 detrahant
1009 2022 1160 2063 Madvig
1255 2027 1292 2053 11
1320 2021 1464 2056 iactura

194 2076 355 2109 detriffiti
384 2076 535 2107 latentis
553 2075 599 2112 A,
619 2076 782 2107 iactura:
817 2073 1031 2106 detrimenti
1055 2074 1148 2105 latet
1169 2073 1225 2105 uis
1247 2074 1337 2106 coni.
1365 2074 1464 2107 Gertz

194 2133 231 2160 21
257 2139 334 2160 esse
359 2127 476 2160 leuius
504 2128 704 2164 Housman,
734 2136 862 2158 sensus
886 2126 915 2156 Α
1029 2130 1067 2156 22
1098 2125 1234 2157 iudicio
1259 2126 1461 2164 Housman,

195 2178 277 2211 dico
301 2179 329 2210 A
431 2178 637 2220 operosius:
673 2188 823 2220 operose
850 2177 912 2209 diu
942 2177 1042 2209 malit
1067 2178 1166 2210 Gertz
