1623 2444
507 66 594 102 AD
625 66 697 101 ΡΑ
714 65 953 102 VLJNVM
1315 77 1357 100 21

94 174 313 214 hominum
332 179 525 214 cateruas
544 175 623 214 sub
644 176 724 214 alio
744 176 859 215 caelo
879 176 991 215 natis
1010 175 1144 214 beluis
1163 174 1360 220 obiceret,

93 254 190 280 cum
211 241 368 281 bellum
390 242 500 281 inter
521 247 611 281 tam
634 243 819 294 disparia
840 242 1039 282 animalia
1060 241 1359 287 committeret,

93 321 189 347 curn
219 308 261 348 in
291 313 520 360 conspectu
546 310 691 361 populi
721 309 903 348 Romani
933 310 1118 348 multum
1146 308 1362 360 sanguinis

93 375 301 421 funderet,
321 388 420 414 mox
438 376 533 427 plus
550 376 689 428 ipsum
706 377 881 416 fundere
899 381 1135 415 coacturus.
1187 380 1231 414 at
1249 375 1361 414 idern

56 458 72 490 5
93 446 253 493 postea,
287 443 575 482 Alexandrina
605 443 782 495 perfidia
812 443 1027 495 deceptus,
1060 443 1211 482 ultimo
1243 455 1361 481 man-

93 509 202 561 cipio
228 509 594 549 transfodiendum
620 523 663 550 se
687 510 897 562 praebuit,
924 514 1018 549 tum
1043 510 1215 549 demum
1240 509 1361 548 intel-

91 576 202 615 lecta
236 576 350 615 inani
386 576 615 616 iactatione
650 577 909 628 cognominis
941 577 1017 617 sui.
1077 577 1255 616 sed—ut
1291 576 1361 615 illo
1377 580 1405 614 '8

92 647 280 682 reuertar
306 643 418 682 unde
446 643 615 691 decessi,
639 648 681 683 et
707 643 750 683 in
772 644 919 683 eadem
939 644 1119 684 materia
1139 643 1361 683 ostendam

91 722 397 761 superuacuam
417 711 700 761 quorumdam
715 711 1145 762 diligentiam—idem
1160 710 1360 749 narrabat

36 796 73 817 IO
93 777 308 816 Metellum
329 777 453 816 uictis
474 778 516 816 in
538 778 677 817 Sicilia
698 778 848 817 Poenis
870 778 1207 829 triumphantem
1227 790 1361 816 unum

91 843 281 883 omnium
307 845 597 884 Romanorum
624 849 723 883 ante
748 858 917 884 currum
943 849 1115 884 centum
1141 848 1182 884 et
1209 844 1360 896 uiginti

92 911 285 962 captiuos
320 911 566 963 elephantos
600 912 770 951 duxisse
789 924 798 958 ;
849 912 1009 951 Sullam
1043 911 1242 950 ultimum
1278 912 1361 949 Ro-

92 990 314 1017 manorum
370 978 592 1029 protulisse
648 979 897 1030 pomerium,
955 979 1070 1030 quod
1126 991 1361 1029 numquam

91 1045 338 1096 prouinciali
367 1045 441 1084 sed
470 1045 619 1084 Italico
650 1058 748 1097 agro
778 1033 992 1097 adquisito
1021 1045 1205 1097 proferre
1234 1045 1361 1084 moris

36 1131 70 1163 15
93 1115 197 1163 aput
228 1112 427 1163 antiquos
456 1112 550 1152 fuit.
610 1113 689 1152 hoc
719 1112 822 1152 scire
851 1112 985 1164 magis
1013 1113 1199 1164 prodest,
1230 1125 1360 1163 quam

91 1178 352 1218 Auentinum
400 1183 590 1218 montem
630 1183 751 1219 extra
788 1179 1024 1231 pomerium
1064 1192 1165 1226 esse,
1206 1183 1254 1218 ut
1294 1179 1361 1218 ille

93 1245 360 1292 adfirmabat,
395 1250 570 1298 propter
604 1246 781 1285 alteram
815 1259 867 1285 ex
901 1246 1067 1286 duabus
1101 1246 1249 1293 causis,
1286 1250 1360 1285 aut

91 1313 207 1363 quod
229 1312 348 1364 plebs
371 1325 419 1351 eo
443 1313 691 1359 secessisset,
718 1317 792 1352 aut
816 1314 932 1364 quod
956 1314 1090 1352 Remo
1115 1313 1361 1365 auspicante

92 1379 161 1418 illo
178 1379 270 1418 loco
289 1392 388 1418 aues
407 1392 491 1419 non
511 1380 787 1427 addixissent,
809 1380 891 1419 alia
909 1380 1104 1432 deinceps
1122 1380 1360 1419 innumera-

30 1462 71 1483 20
90 1446 201 1492 bilia,
242 1459 350 1497 quae
390 1450 464 1486 aut
503 1447 616 1501 farta
652 1451 752 1486 sunt
790 1447 1019 1486 mendaciis
1058 1451 1132 1486 aut
1170 1447 1356 1486 similia?

89 1526 202 1560 nam,
233 1517 280 1552 ut
309 1514 514 1553 concedas
542 1514 685 1553 omnia
712 1527 782 1553 eos
809 1514 892 1552 fide
918 1514 1033 1553 bona
1060 1514 1208 1560 dicere,
1235 1518 1283 1553 ut
1306 1514 1360 1553 ad
1382 1528 1403 1563 9

88 1580 419 1631 praestationem
465 1580 665 1627 scribant,
715 1585 858 1620 tamen
906 1581 1024 1621 cuius
1070 1581 1153 1620 ista
1200 1593 1357 1620 errores

88 1647 315 1686 minuent?
366 1647 484 1687 cuius
526 1647 782 1699 cupiditates
822 1652 1016 1699 prement
1038 1653 1051 1687 ἐ
1102 1661 1229 1699 quem
1276 1648 1358 1687 for-

89 1714 251 1760 tiorem,
283 1727 409 1765 quem
438 1714 667 1761 iustiorem,
699 1727 826 1766 quem
855 1714 1134 1754 liberaliorem
1162 1715 1355 1754 facient?

30 1799 68 1833 25
89 1781 284 1820 dubitare
307 1793 350 1820 se
372 1781 542 1820 interim
565 1781 780 1821 Fabianus
803 1786 946 1820 noster
969 1781 1123 1829 aiebat,
1149 1795 1203 1821 an
1226 1782 1359 1821 satius

88 1852 196 1887 esset
230 1847 353 1886 nullis
386 1848 537 1887 studiis
571 1848 788 1888 admoueri
822 1861 953 1899 quarn
986 1849 1050 1888 his
1083 1848 1300 1900 implicari.

173 1908 249 1968 f4.
321 1914 406 1953 Soli
456 1915 646 1954 omnium
696 1916 820 1955 otiosi
861 1920 960 1955 sunt
1001 1916 1074 1967 qui
1125 1915 1358 1967 sapientiae
1384 1927 1397 1949 1

87 1985 255 2028 uacant,
279 1981 354 2020 soli
376 1981 570 2021 uiuunt.
602 1994 678 2022 nec
700 1982 810 2022 enim
832 1996 953 2023 suam
977 1987 1147 2023 tantum
1170 1986 1358 2021 aetatem

86 2047 192 2087 bene
215 2052 417 2087 tuentur:
459 2061 583 2087 omne
608 2062 761 2088 aeuum
784 2063 860 2090 suo
885 2050 1075 2090 adiciunt
1096 2061 1105 2096 ;
1146 2049 1356 2100 quidquid

153 2147 170 2173 3
196 2145 435 2184 conspectum
454 2143 481 2173 Α
560 2147 598 2174 15
625 2143 693 2175 hoc
710 2144 756 2180 A,
783 2145 874 2176 haec
896 2145 1099 2185 Wesenberg
1168 2149 1207 2175 18
1235 2144 1357 2186 auspi-

86 2194 187 2225 canti
208 2194 411 2235 Wesenberg
499 2199 538 2225 20
565 2194 663 2226 farta
680 2195 709 2226 A
720 2222 727 2233 ‚
747 2196 852 2237 paria
868 2197 1004 2234 Haase,
1025 2196 1122 2228 fulta
1139 2196 1242 2228 malit
1259 2196 1359 2229 Gertz
