1623 2444
542 51 628 88 AD
666 52 791 88 HEL
805 52 962 89 ΗΑΛ]
1336 54 1357 90 8
1363 66 1384 101 3

118 162 340 211 tamquam
383 159 527 199 alienis
570 160 693 199 rebus
736 160 922 206 utereris,
959 160 1206 212 pepercisti;
1257 165 1299 200 et
1334 175 1385 200 ex

118 227 347 265 honoribus
371 227 525 266 nostris
549 227 650 266 nihil
676 228 729 266 ad
754 232 795 266 te
820 227 897 266 nisi
921 227 1120 278 uoluptas
1145 232 1186 266 et
1211 228 1386 280 inpensa

116 293 334 345 pertinuit.
394 306 627 345 numquam
669 294 930 346 indulgentia
967 294 1020 333 ad
1057 294 1288 334 utilitatem
1324 308 1385 334 re-

117 359 269 411 spexit.
328 373 411 399 non
430 364 551 412 potes
571 361 715 412 itaque
735 374 784 399 ea
802 361 844 399 in
865 365 1008 412 erepto
1028 361 1113 399 filio
1133 361 1383 408 desiderare,

79 438 96 470 5
117 439 227 478 quae
252 427 298 466 in
322 427 522 466 incolumi
548 441 784 479 numquam
810 428 864 466 ad
890 432 932 467 te
956 428 1169 479 pertinere
1194 429 1370 468 duxisti.

202 500 273 548 15.
337 494 413 533 Illo
459 495 594 534 omnis
640 495 870 534 consolatio
908 495 1010 533 mihi
1057 495 1262 534 uertenda
1308 499 1384 542 est,
1410 504 1425 527 1

116 561 228 599 unde
246 574 347 600 uera
365 561 429 600 uis
446 562 627 600 materni
647 562 800 600 doloris
819 562 952 601 oritur
972 574 978 600 z
1017 562 1024 575 ‘
1046 575 1142 613 ergo
1161 563 1385 614 complexu

117 627 189 666 filii
205 628 407 667 carissimi
427 641 547 667 careo
568 641 576 675 ;
615 642 699 668 non
714 633 943 680 conspectu
963 628 1063 675 eius,
1088 642 1171 668 non
1194 642 1384 668 sermone

116 707 288 746 possum
322 695 431 734 frui!
470 696 543 734 ubi
575 700 637 734 est
673 696 751 742 ille,
779 709 863 747 quo
898 696 988 734 uiso
1024 696 1189 734 tristem
1219 697 1385 735 uoltum

60 778 98 799 10
117 761 316 807 relaxaui,
346 762 389 800 in
417 775 501 813 quo
529 775 673 801 omnes
701 763 1002 802 sollicitudines
1029 776 1144 802 meas
1171 763 1381 815 deposui?

115 828 188 867 ubi
216 829 451 880 conloquia,
482 842 662 880 quorum
691 830 953 881 inexplebilis
986 831 1134 869 eram?
1196 831 1267 869 ubi
1297 835 1384 869 stu—

116 895 197 941 dia,
225 896 379 946 quibus
403 896 603 935 libentius
627 910 756 947 quam
786 897 955 943 femina,
983 897 1230 936 familiarius
1254 910 1385 948 quam

115 966 264 1009 mater,
287 962 511 1001 intereram
532 964 546 1002 ?
598 963 670 1002 ubi
686 963 753 1002 ille
769 977 965 1003 occursus
985 964 999 1003 ?
1050 964 1122 1003 ubi
1138 968 1274 1003 matre
1294 965 1386 1003 uisa

115 1042 279 1081 semper
322 1030 491 1081 puerilis
536 1030 725 1069 hilaritas
746 1031 759 1069 ?
784 1031 791 1044 '
852 1031 982 1070 adicis
1025 1031 1116 1070 istis
1159 1032 1252 1070 loca
1294 1032 1386 1083 ipsa
1408 1049 1426 1071 2

59 1111 94 1143 15
114 1096 449 1147 gratulationum
491 1101 533 1136 et
576 1097 862 1144 conuictuum,
907 1102 961 1144 et,
1006 1102 1054 1137 ut
1098 1112 1263 1138 necesse
1306 1102 1382 1145 est,

115 1163 422 1203 efficacissimas
458 1164 511 1203 ad
546 1165 764 1203 uexandos
800 1165 962 1203 animos
998 1166 1176 1204 recentis
1211 1179 1384 1204 conuer-

114 1230 289 1269 sationis
316 1235 452 1269 notas.
512 1244 611 1270 nam
639 1232 718 1270 hoc
745 1245 914 1283 quoque
942 1232 1143 1271 aduersus
1171 1237 1213 1271 te
1240 1233 1384 1271 crude-

114 1297 209 1335 liter
230 1297 402 1336 fortuna
423 1298 573 1337 molita
594 1302 669 1344 est,
694 1299 809 1349 quod
831 1303 873 1337 te
896 1303 995 1337 ante
1017 1299 1191 1338 tertium
1213 1300 1384 1338 demum

114 1364 225 1402 diem
244 1378 373 1415 quam
390 1365 606 1416 perculsus
623 1378 730 1411 sum,
751 1379 940 1404 securam
959 1379 1034 1405 nec
1052 1367 1280 1418 quicquam
1299 1367 1384 1405 tale

55 1450 96 1473 20
114 1435 376 1473 metuentem
421 1432 579 1483 digredi
627 1432 775 1471 uoluit.
834 1433 940 1472 bene
982 1446 1057 1471 nos
1098 1433 1385 1485 longinquitas
1405 1444 1426 1480 3

114 1497 300 1537 locorum
340 1499 554 1545 diuiserat,
596 1499 702 1538 bene
742 1499 904 1550 aliquot
945 1513 1151 1539 annorum
1191 1501 1384 1539 absentia

114 1565 210 1604 huic
239 1570 281 1604 te
309 1566 421 1604 malo
450 1571 806 1617 praeparauerat:
854 1566 1011 1613 redisti,
1043 1580 1127 1605 non
1156 1571 1204 1605 ut
1234 1568 1382 1619 uolup-

113 1635 248 1671 tatem
273 1645 324 1671 ex
349 1633 433 1671 filio
458 1633 703 1684 perciperes,
730 1633 803 1672 sed
827 1638 874 1672 ut
907 1634 1256 1673 consuetudinem
1278 1634 1384 1673 desi-

113 1699 215 1738 derii
234 1700 440 1751 perderes.
500 1700 532 1738 si
551 1700 687 1739 multo
707 1704 806 1739 ante
825 1700 1011 1747 afuisses,
1033 1701 1183 1740 fortius
1202 1701 1381 1748 tulisses,

52 1780 92 1812 25
112 1766 202 1817 ipso
235 1766 457 1805 interuallo
491 1767 743 1806 desiderium
776 1767 1019 1814 molliente;
1069 1767 1102 1806 si
1135 1781 1219 1806 non
1252 1781 1382 1807 reces-

112 1833 245 1880 sisses,
276 1833 475 1873 ultimum
505 1837 616 1873 certe
645 1834 831 1873 fructum
861 1834 990 1873 biduo
1019 1834 1180 1873 diutius
1209 1835 1379 1873 uidendi

112 1900 244 1939 filium
267 1901 456 1939 tulisses:
492 1914 604 1940 nunc
628 1901 794 1940 crudele
819 1902 957 1940 fatum
982 1901 1043 1940 ita
1058 1902 1309 1953 composuit,
1332 1906 1381 1941 ut

111 1980 187 2006 nec
200 1967 396 2006 fortunae
408 1980 526 2006 meae
540 1968 760 2007 interesses
774 1981 848 2007 nec
866 1967 1081 2006 absentiae
1102 1968 1378 2008 adsuescereS.

110 2035 184 2073 sed
208 2038 370 2086 quanto
395 2034 478 2073 ista
502 2034 672 2073 duriora
695 2039 807 2082 sunt,
835 2039 958 2074 tanto
985 2035 1120 2074 maior
1144 2035 1221 2074 tibi
1245 2035 1381 2075 uirtus
1400 2053 1424 2086 4

179 2133 197 2159 5
221 2128 259 2159 in
271 2129 350 2159 add.
364 2128 485 2159 Haase
554 2132 592 2159 13
617 2128 668 2158 illi
680 2128 779 2160 Gertz
847 2132 887 2159 20
912 2128 1052 2169 digredi
1061 2129 1195 2166 Haase,
1211 2129 1259 2160 ad
1272 2128 1333 2169 gdi
1347 2128 1375 2159 A

110 2183 149 2210 24
173 2182 284 2210 antea
300 2178 429 2210 fuisses
446 2178 475 2208 A
492 2187 498 2208 1
524 2189 609 2212 corr.
628 2180 748 2211 Gruter

1178 2248 1276 2280 6-2
