1623 2444
523 53 610 89 AD
648 51 762 89 POL
778 51 976 89 YBIVM
1330 62 1377 101 55

107 175 276 213 quoque
308 162 456 200 domos
489 175 591 201 ausa
623 162 798 201 iniuriae
831 175 959 201 causa
990 161 1161 207 intrare,
1196 162 1239 200 in
1272 174 1380 212 quas

109 242 182 280 per
208 229 368 280 templa
396 229 550 275 aditur,
579 233 620 267 et
650 233 787 268 atram
814 229 1015 268 laureatis
1042 229 1203 267 foribus
1230 229 1379 267 induet

108 300 283 334 uestem.
343 296 421 334 hoc
466 309 598 334 unum
644 296 912 347 optineamus
957 297 1011 335 ab
1057 296 1125 334 illa
1173 295 1284 335 uotis
1331 308 1378 334 ac
1401 301 1422 336 6

108 363 302 414 precibus
343 362 535 413 publicis,
572 363 605 401 si
648 363 837 402 nondum
879 363 936 401 illi
970 375 1102 415 genus
1144 363 1380 401 humanum

71 429 269 480 splaeuit
300 442 557 475 consumere,
590 430 623 468 si
656 431 899 468 Romanum
931 430 1070 469 adhuc
1101 442 1255 468 nomen
1286 442 1381 480 pro-

109 496 216 547 pitia
237 496 405 548 respicit
426 508 433 535 :
474 496 585 535 hunc
608 497 841 548 principem
863 496 991 548 lapsis
1013 496 1234 535 hominum
1257 496 1381 535 rebus

109 563 272 609 datum,
301 563 408 602 sicut
435 563 631 602 omnibus
655 563 919 609 mortalibus,
946 563 1025 603 sibi
1052 576 1140 602 esse
1165 567 1381 602 sacratum

109 630 238 668 uelit!
299 630 434 669 discat
469 630 523 668 ab
556 630 626 669 illo
659 630 927 669 clementiam
961 630 1121 681 fiatque
1155 629 1380 669 mitissimo

111 697 300 735 omnium
327 697 565 748 principum
591 697 733 736 mitis!

53 773 90 796 ¹0
195 770 270 818 17.
329 764 468 803 Debes
495 764 639 815 itaque
666 777 735 803 eos
763 764 915 803 intueri
943 777 1100 810 omnes,
1122 776 1228 815 quos
1254 763 1382 815 paulo
1407 778 1421 802 1

111 835 210 869 ante
232 831 390 876 rettuli,
416 834 489 870 aut
514 831 697 870 adscitos
719 831 834 869 caelo
858 835 932 870 3111
955 831 1183 883 proximos,
1209 834 1250 870 et
1274 831 1381 869 ferre

111 910 245 948 aequo
284 898 425 936 animo
463 898 697 937 Fortunam
734 898 788 937 ad
821 902 863 937 te
892 911 1062 949 quoque
1097 897 1381 950 porrigentem

110 977 274 1010 manus,
311 977 417 1015 quas
456 977 506 1003 ne
542 965 595 1003 ab
630 965 687 1004 eis
727 965 899 1016 quidem
934 978 1008 1016 per
1046 978 1152 1016 quos
1193 964 1382 1004 iuramus

112 1031 326 1077 abstinet:
377 1031 504 1070 debes
538 1032 704 1071 illorum
738 1032 895 1070 imitari
930 1032 1177 1071 firmitatem
1212 1032 1254 1070 in
1288 1045 1380 1083 per-

54 1110 89 1143 15
111 1098 292 1137 ferendis
324 1102 366 1137 et
399 1098 640 1137 euincendis
674 1099 900 1145 doloribus,
935 1099 978 1138 in
1011 1103 1221 1150 quantum
1254 1099 1382 1137 modo

112 1165 270 1204 homini
297 1165 361 1204 fas
386 1169 449 1204 est
474 1178 548 1217 per
573 1165 718 1205 diuina
743 1166 801 1205 ire
826 1166 1016 1218 uestigia.
1077 1166 1274 1217 quamuis
1301 1166 1383 1205 sint
1406 1177 1424 1200 2

112 1232 154 1271 in
183 1232 273 1271 aliis
300 1232 424 1271 rebus
452 1232 711 1284 dignitatum
741 1246 788 1271 ac
816 1233 1091 1272 nobilitatum
1118 1246 1274 1284 magna
1300 1232 1383 1272 dis-

111 1298 299 1345 crimina,
325 1299 461 1338 uirtus
483 1299 526 1338 in
549 1299 688 1338 medio
711 1300 852 1351 posita
874 1304 937 1339 est
957 1312 964 1339 :
1006 1300 1217 1339 neminem
1240 1299 1382 1351 dedig-

113 1370 252 1412 natur,
273 1366 345 1417 qui
365 1366 492 1405 modo
512 1366 687 1418 dignum
706 1379 749 1405 se
769 1366 840 1405 illa
858 1366 1030 1406 iudicat.
1090 1366 1251 1418 optime
1271 1370 1384 1406 certe

53 1446 93 1469 20
112 1433 204 1471 illos
233 1432 478 1479 imitaberis,
510 1433 582 1484 qui
613 1446 710 1473 cum
740 1433 947 1484 indignari
978 1438 1150 1485 possent
1180 1422 1384 1473 non''‘esse

113 1499 225 1551 ipsos
246 1504 432 1556 eigsortes
453 1500 577 1538 huius
598 1500 711 1546 mali,
735 1504 879 1539 tamen
901 1501 943 1539 in
966 1501 1044 1540 hoc
1065 1513 1149 1539 uno
1171 1513 1214 1539 se
1235 1500 1384 1539 ceteris

114 1566 339 1617 exaequari
358 1566 599 1605 hominibus
618 1580 701 1605 non
720 1567 916 1606 iniuriam
936 1568 1008 1606 sed
1027 1567 1091 1606 ius
1109 1567 1384 1606 mortalitatis

59 1634 77 1658 ‘s
115 1623 422 1680 iudicauerunt,
449 1634 722 1685 tuleruntque
744 1647 819 1673 nec
842 1634 966 1673 nimis
994 1634 1141 1673 acerbe
1170 1639 1211 1673 et
1241 1647 1385 1686 aspere

115 1700 231 1751 quod
260 1700 482 1747 acciderat,
514 1714 589 1740 nec
617 1701 800 1740 molliter
828 1706 870 1740 et
899 1701 1168 1748 effeminate;
1214 1714 1314 1740 nam
1343 1705 1385 1740 et

55 1780 96 1814 25
116 1779 201 1806 non
227 1767 381 1806 sentire
406 1768 521 1806 mala
545 1781 633 1814 sua,
662 1780 746 1807 non
773 1772 835 1807 est
862 1768 1057 1814 hominis,
1085 1772 1126 1807 et
1154 1781 1238 1807 non
1265 1768 1384 1814 ferre,

117 1846 201 1873 non
235 1838 298 1872 est
332 1834 424 1873 uiri.
483 1847 567 1873 non
601 1847 773 1886 possum
808 1839 965 1881 tamen,
1001 1848 1097 1874 cum
1131 1848 1277 1874 omnes
1310 1835 1384 1874 cir·
1410 1846 1430 1882 3

116 1900 333 1940 cumierim
357 1901 565 1948 Caesares,
585 1902 739 1952 quibus
758 1902 949 1941 Fortuna
968 1902 1119 1941 fratres
1143 1914 1389 1953 sororesque

117 1967 284 2019 eripuit,
319 1968 430 2007 hunc
462 1968 690 2020 praeterire
722 1982 773 2008 ex
806 1969 920 2008 omni
953 1969 1180 2008 Caesarum
1214 1981 1389 2008 numero

184 2082 202 2109 2
227 2078 378 2110 induere
393 2078 484 2111 coni.
503 2079 624 2110 Haase
727 2084 746 2111 6
768 2080 880 2121 lapsis
896 2080 937 2118 Ο,
957 2079 1059 2111 135515
1076 2080 1108 2110 Β
1211 2083 1230 2111 8
1250 2078 1391 2121 fiatque

120 2131 247 2171 Pauly,
274 2133 387 2173 atque
410 2131 438 2162 Ο
562 2135 601 2162 16
631 2131 706 2163 sint
730 2133 810 2164 add.
835 2133 934 2164 Gertz
1058 2136 1097 2163 17
1120 2131 1203 2164 inde
1228 2141 1249 2163 a
1273 2131 1389 2163 uerbis

119 2193 254 2224 magna
278 2184 489 2215 discrimina
517 2183 543 2214 A
572 2194 697 2216 rursus
723 2185 855 2227 incipit
