1623 2444
159 62 206 96 28
671 62 911 99 SENECA

113 182 132 215 3
155 173 204 208 tu
233 169 405 221 quidem
436 170 548 210 orbis
579 175 786 210 terrarum
818 172 1003 211 rationes
1033 173 1304 212 administras
1334 177 1424 212 tam

155 236 419 276 abstinenter
443 251 572 288 quam
600 238 768 285 alienas,
797 246 886 278 tam
913 239 1134 291 diligenter
1158 252 1287 291 quam
1314 244 1423 285 tuas,

154 307 245 361 tam
268 304 456 356 religiose
478 317 608 355 quam
631 305 834 356 publicas.
894 306 936 345 in
959 306 1096 346 officio
1119 319 1305 346 amorem
1329 319 1426 346 con-

154 371 352 421 sequeris,
374 371 417 410 in
435 383 521 423 quo
540 372 684 411 odium
704 372 840 412 uitare
859 372 1026 412 difficile
1046 377 1108 412 est
1129 385 1136 412 :
1173 373 1248 413 sed
1266 378 1424 419 tamen,

154 437 258 476 mihi
283 438 417 484 crede,
445 438 577 478 satius
602 443 665 478 est
690 439 805 479 uitae
829 452 930 479 suae
953 440 1161 479 rationem
1186 453 1315 491 quam
1340 440 1426 479 fru-
1447 454 1464 487 5

114 519 137 552 4
155 504 288 543 menti
328 505 485 556 publici
526 518 660 545 nosse.
720 506 849 546 istum
891 506 1018 545 animi
1060 507 1247 558 uigorem
1288 520 1425 546 rerum

156 571 439 611 maximarum
486 572 807 624 capacissimum
851 586 876 612 a
916 573 1162 620 ministerio,
1197 573 1426 613 honorifico

156 638 328 689 quidem
351 639 425 678 sed
441 652 592 690 parum
616 640 670 678 ad
688 639 859 680 beatam
883 640 1018 679 uitam
1043 644 1157 692 apto,
1176 652 1351 685 reuoca;
1384 644 1426 680 et

156 705 297 757 cogita
327 718 409 744 non
440 705 483 744 id
514 706 644 757 egisse
674 711 717 745 te
747 707 800 745 ab
827 711 968 746 aetate
998 707 1135 759 prima
1164 708 1279 746 omni
1308 707 1427 746 cultu

157 772 395 811 studiorum
430 772 678 819 liberalium,
705 777 753 812 ut
790 774 869 812 tibi
903 774 1041 813 multa
1074 774 1191 813 milia
1225 774 1427 813 frumenti
1452 793 1489 815 10

157 838 263 878 bene
294 839 689 879 committerentur:
738 841 877 880 maius
908 841 1112 892 quiddam
1145 845 1186 880 et
1219 841 1346 880 altius
1376 841 1428 880 de

158 910 200 945 te
237 907 501 958 promiseras.
562 919 645 946 non
685 907 837 946 derunt
877 911 919 947 et
957 908 1215 960 frugalitatis
1252 911 1428 947 exactae

158 973 348 1012 homines
385 977 427 1013 et
464 973 698 1013 laboriosae
734 986 913 1026 operae:
969 979 1093 1014 tanto
1132 974 1297 1027 aptiora
1332 987 1428 1027 por—

157 1040 299 1079 tandis
337 1040 534 1080 oneribus
572 1041 697 1080 tarda
733 1041 924 1081 iumenta
961 1046 1060 1081 sunt
1099 1054 1228 1093 quam
1267 1041 1429 1081 nobiles

158 1107 267 1158 equi,
297 1119 477 1158 quorum
505 1120 749 1159 generosam
777 1108 1072 1159 pernicitatem
1100 1108 1194 1160 quis
1222 1121 1427 1160 umquam
1452 1127 1487 1160 15

117 1201 136 1239 5
156 1173 275 1225 graui
316 1174 480 1213 sarcina
518 1175 704 1226 pressit?
766 1175 906 1226 cogita
944 1180 1174 1227 praeterea,
1216 1181 1428 1227 quantum

157 1240 452 1280 sollicitudinis
479 1241 547 1288 sit,
579 1241 634 1280 ad
658 1245 827 1281 tantam
853 1246 896 1281 te
921 1242 1074 1281 molem
1100 1242 1292 1282 obicere:
1330 1255 1428 1282 cum

158 1312 306 1347 uentre
348 1308 426 1347 tibi
467 1308 655 1348 humano
696 1309 912 1361 negotium
955 1314 1030 1349 est.
1105 1322 1180 1349 nec
1221 1309 1428 1348 rationem

157 1375 322 1426 patitur
340 1388 415 1414 nec
435 1375 651 1427 aequitate
668 1376 891 1428 mitigatur
909 1389 984 1415 nec
1002 1376 1088 1416 ulla
1104 1388 1226 1428 prece
1243 1376 1430 1416 flectitur

157 1442 339 1493 populus
383 1442 578 1482 esuriens.
638 1443 765 1482 modo
808 1443 936 1482 modo
980 1443 1093 1482 intra
1134 1456 1293 1495 paucos
1336 1443 1429 1482 illos
1449 1463 1490 1485 20

156 1509 245 1548 dies
266 1509 422 1560 quibus
442 1509 485 1549 C.
511 1509 664 1549 Caesar
684 1509 822 1561 periit,
848 1510 881 1549 si
903 1510 997 1561 quis
1019 1510 1162 1549 inferis
1183 1522 1329 1550 sensus
1350 1514 1427 1557 est,

157 1576 236 1615 hoc
267 1576 513 1628 grauissime
543 1577 692 1623 ferens,
725 1577 841 1628 quod
871 1577 1028 1629 populo
1060 1578 1255 1616 Romano
1286 1589 1429 1629 super-

157 1643 272 1691 stite,
300 1643 498 1682 dicebant
526 1648 689 1695 septem
717 1648 791 1683 aut
822 1648 918 1683 octo
945 1648 1058 1683 certe
1082 1644 1245 1683 dierum
1270 1644 1430 1683 cibaria

156 1723 383 1762 superesse.
443 1710 545 1749 dum
569 1710 637 1749 ille
659 1715 811 1762 pontes
836 1711 1017 1750 nauibus
1040 1711 1176 1762 iungit
1201 1715 1243 1750 et
1267 1711 1430 1750 uiribus

157 1777 320 1829 imperii
339 1777 463 1823 ludit,
485 1777 633 1816 aderat
658 1777 857 1818 ultimum
884 1778 1092 1816 malorum
1119 1778 1299 1817 obsessis
1325 1790 1429 1829 quo—
1448 1792 1489 1825 25

156 1857 251 1895 que,
274 1844 571 1884 alimentorum
592 1849 755 1896 egestas
774 1856 784 1891 ;
823 1828 953 1884 exitio
975 1857 1110 1896 paene
1133 1857 1180 1884 ac
1196 1845 1309 1884 fame
1331 1857 1428 1884 con·
1454 1856 1512 1874 ω·

156 1911 269 1950 stitit
293 1916 348 1958 et,
374 1924 484 1962 quae
507 1912 663 1950 famem
688 1911 890 1962 sequitur,
917 1925 1055 1951 rerum
1078 1911 1268 1951 omnium
1293 1912 1449 1958 ruinas

226 2046 243 2073 3
270 2043 457 2083 publicas:
487 2053 609 2074 sacras
633 2042 775 2082 Bentley
824 2041 885 2072 illo
906 2042 986 2072 add.
1005 2040 1114 2076 Gertz,
1135 2051 1177 2072 eo
1195 2041 1326 2077 Haase,
1348 2044 1428 2075 ante

156 2093 275 2125 officio
356 2098 394 2125 13
412 2093 605 2135 portandis
616 2093 778 2133 Madvig,
792 2092 1033 2134 exportandis
1046 2092 1074 2123 Α
1159 2096 1197 2123 22
1214 2092 1429 2133 grauissime

152 2145 315 2187 Lipsius,
352 2144 558 2186 gratissime
590 2145 618 2175 A
736 2145 836 2186 quod
870 2155 903 2186 p.
940 2145 983 2176 R.
1015 2143 1224 2185 superstite,
1254 2143 1430 2176 dicebant

153 2198 315 2239 Madmg,
343 2198 443 2239 quod
469 2197 618 2229 dicebat
645 2197 745 2230 .P.R.
774 2206 883 2238 super
908 2195 996 2228 stite
1019 2194 1047 2225 A
