1623 2444
555 55 641 90 Al)
671 54 998 90 POLYBJVM
1356 65 1404 99 39

134 164 229 203 liter
270 165 403 203 ferre:
463 164 743 203 obseruantur
784 163 889 202 oculi
934 163 1010 202 tui.
1070 163 1264 201 liberiora
1304 166 1403 202 sunt
1428 174 1447 198 2

134 231 277 270 omnia
296 231 357 277 iis,
380 245 560 282 quorum
583 231 775 270 adfectus
796 231 879 281 tegi
900 234 1077 281 possunt
1098 242 1107 276 ;
1142 230 1219 268 tibi
1242 230 1404 269 nullum

134 302 341 337 secretum
356 298 534 337 liberum
550 302 626 337 est.
686 298 727 336 in
743 298 881 336 multa
894 297 986 336 luce
1002 297 1174 335 fortuna
1189 301 1232 335 te
1246 296 1402 348 posuit;

133 377 279 404 omnes
299 365 444 411 scient,
467 365 681 416 quomodo
702 369 744 403 te
764 364 806 403 in
827 364 908 403 isto
929 368 1004 403 tuo
1024 364 1197 415 gesseris
1216 363 1402 409 uulnere,

96 439 112 472 5
132 435 332 471 utrumne
348 432 495 471 statim
512 444 732 483 percussus
751 444 866 470 arma
875 430 1131 470 summiseris
1141 444 1194 469 an
1211 430 1253 469 in
1270 430 1404 482 gradu

132 498 312 538 steteris.
371 499 471 537 olim
488 502 530 537 te
547 502 589 537 in
607 498 799 537 altiorem
817 497 1006 536 ordinem
1023 502 1065 536 et
1083 510 1201 536 amor
1216 496 1404 536 Caesaris

132 565 285 604 extulit
317 569 358 604 et
390 569 467 604 tua
497 565 639 604 studia
670 565 919 604 eduxerunt.
982 564 1083 603 nihil
1116 568 1160 603 te
1189 564 1402 616 plebeium

131 631 264 678 decet,
293 632 396 671 nihil
420 632 600 678 humile:
640 632 743 683 quid
772 636 916 670 autem
946 635 1035 670 tam
1063 631 1220 670 humile
1242 643 1290 670 ac
1311 644 1402 670 mu-

131 698 258 737 liebre
283 703 345 738 est
370 712 499 750 quam
525 699 858 738 consumendum
886 711 928 737 se
955 698 1087 737 dolori
1109 697 1401 737 committere?

75 778 113 800 10
133 778 217 804 non
241 765 353 804 idem
376 766 454 805 tibi
479 766 521 804 in
545 766 663 805 luctu
673 765 777 817 pari
802 766 917 817 quod
941 765 1025 804 tuis
1049 765 1252 804 fratribus
1275 765 1372 804 licet
1392 776 1400 803 :
1424 777 1446 813 3

131 832 269 871 multa
290 832 367 872 tibi
391 846 476 871 non
498 833 709 884 permittit
732 832 874 884 opinio
897 833 948 871 de
970 832 1121 871 studiis
1144 845 1192 871 ac
1214 832 1403 871 moribus

132 899 218 938 tuis
244 903 426 951 recepta,
454 900 638 938 multum
666 913 690 938 a
716 903 758 938 te
785 898 975 938 homines
1001 899 1189 950 exigunt,
1218 899 1403 938 multum

131 970 371 1017 expectant.
432 966 464 1005 si
496 966 668 1005 uolebas
699 966 777 1006 tibi
808 966 952 1005 omnia
980 966 1115 1013 licere,
1148 979 1200 1005 ne
1230 979 1403 1005 conuer-

132 1032 253 1072 tisses
274 1033 317 1072 in
339 1037 381 1072 te
404 1046 477 1072 ora
499 1033 687 1072 omnium
708 1045 716 1072 2
756 1046 867 1072 nunc
889 1036 1061 1072 tantum
1083 1033 1161 1072 tibi
1184 1036 1403 1084 praestan-

76 1114 111 1147 15
131 1099 234 1138 dum
261 1104 336 1146 est,
366 1104 576 1151 quantum
602 1100 845 1152 promisisti.
905 1113 1050 1139 omnes
1076 1100 1147 1146 illi,
1176 1100 1248 1151 qui
1275 1113 1403 1152 opera

131 1166 284 1218 ingenii
311 1167 374 1206 tui
400 1167 591 1213 laudant,
620 1167 692 1218 qui
719 1167 975 1214 describunt,
1003 1167 1170 1218 quibus,
1197 1180 1295 1207 cum
1320 1167 1402 1206 for-

131 1235 244 1272 tuna
273 1237 349 1272 tua
384 1247 489 1286 opus
524 1247 609 1273 non
644 1234 712 1280 sit,
749 1234 915 1285 ingenio
950 1247 1056 1286 opus
1092 1238 1168 1280 est,
1205 1234 1403 1274 custodes

132 1300 260 1339 animi
282 1300 345 1339 tui
366 1305 480 1340 sunt.
530 1301 632 1340 nihil
652 1314 858 1352 umquam
879 1301 1025 1352 itaque
1040 1305 1161 1353 potes
1182 1301 1402 1353 indignum

131 1367 268 1406 facere
306 1367 481 1419 perfecti
522 1372 564 1407 et
605 1368 758 1407 eruditi
798 1368 876 1407 uiri
916 1368 1186 1420 professione,
1228 1372 1277 1408 ut
1317 1381 1402 1408 non

73 1451 113 1474 20
132 1434 290 1473 multos
316 1434 608 1474 admirationis
633 1435 685 1474 de
710 1439 753 1474 te
778 1448 879 1474 suae
904 1435 1134 1487 paeniteat.
1194 1447 1279 1475 non
1304 1435 1402 1475 licet
1422 1451 1446 1485 4

131 1500 210 1540 tibi
231 1501 329 1540 flere
344 1501 580 1541 immodice.
651 1514 726 1541 nec
746 1502 825 1541 hoc
850 1503 1149 1542 tantummodo
1168 1515 1253 1542 non
1275 1502 1400 1543 licet:

132 1580 184 1607 ne
214 1580 410 1608 somnum
442 1569 613 1619 quidem
645 1568 945 1608 extendere'in
976 1574 1143 1621 partem
1175 1569 1257 1609 diei
1289 1569 1399 1616 licet,

134 1638 208 1674 aut
233 1648 258 1674 a
279 1635 470 1674 tumultu
493 1649 632 1675 rerum
654 1636 697 1675 in
720 1636 856 1675 otium
880 1636 985 1676 ruris
1008 1636 1140 1688 quieti
1163 1637 1400 1689 confugere,

134 1705 209 1741 aut
233 1701 403 1741 assidua
424 1702 621 1742 laboriosi
645 1703 768 1742 officii
792 1703 976 1742 statione
1000 1703 1228 1756 fatigatum
1252 1716 1403 1756 corpus

73 1785 112 1820 25
133 1768 376 1820 uoluptaria
395 1769 730 1821 peregrinatione
750 1783 947 1817 recreare,
971 1774 1045 1810 aut
1065 1771 1403 1823 spectaculorum

132 1835 342 1875 uarietate
371 1835 559 1875 animum
585 1836 784 1884 detinere,
810 1841 884 1877 aut
912 1850 964 1876 ex
990 1841 1065 1877 tuo
1094 1837 1268 1877 arbitrio
1291 1838 1401 1877 diem

134 1902 366 1954 disponere.
425 1903 562 1942 multa
598 1903 676 1942 tibi
714 1917 797 1943 non
834 1904 974 1951 licent,
1013 1918 1122 1956 quae
1158 1904 1403 1944 humillimis

133 1973 175 2008 et
207 1969 250 2008 in
283 1969 436 2020 angulo
468 1970 704 2010 iacentibus
736 1971 890 2011 licent:
939 1985 1095 2023 magna
1125 1972 1307 2011 seruitus
1339 1976 1403 2012 est
1425 1982 1445 2021 5

200 2078 217 2105 7
242 2075 451 2106 eduxerunt
463 2075 623 2115 Madvig,
645 2075 882 2108 deduxerunt
899 2077 927 2108 Ο
1020 2082 1059 2108 14
1083 2080 1233 2109 tantum
1246 2079 1402 2120 Bentley,

134 2127 260 2156 autem
278 2125 360 2162 BH,
381 2128 506 2156 autem
525 2128 675 2156 tantum
694 2127 799 2159 DEV
883 2132 921 2159 21
947 2128 1053 2160 licet:
1081 2140 1125 2161 ne
1143 2130 1299 2171 Bentley,
1318 2130 1412 2162 licet*

135 2186 200 2209 nec
218 2177 299 2215 BH,
318 2178 405 2209 licet
422 2177 491 2209 tibi
508 2187 574 2210 nec
591 2179 659 2210 DE
