1623 2444
216 70 262 103 24
725 57 965 95 SENECA

209 165 367 206 taberis
386 166 459 205 sed
483 164 527 205 in
551 165 644 218 ipsa
661 166 786 213 bona,
809 179 918 218 quae
942 179 1027 207 non
1052 172 1173 207 erunt
1208 167 1374 207 sordide
1406 180 1482 207 nec

209 233 391 285 maligne
414 233 720 273 custodienda:
761 233 923 272 maiora
946 234 1061 281 fient,
1087 248 1172 286 quo
1196 234 1267 273 illa
1290 234 1482 286 pluribus

168 312 191 345 4
209 299 415 339 diuiseris.
475 300 518 339 hi
554 299 633 339 tibi
674 300 839 340 dabunt
877 300 931 339 ad
965 301 1263 341 aeternitatem
1302 301 1395 359 iter,
1438 305 1480 340 et

210 370 252 406 te
271 367 314 406 in
334 367 453 406 illum
471 367 624 414 locum,
645 380 697 406 ex
716 380 801 419 quo
821 380 945 407 nemo
965 368 1156 415 deicitur,
1178 353 1477 408 subleuabu'nt.

210 434 312 473 haec
334 447 420 473 una
441 433 550 473 ratio
572 438 636 474 est
658 434 951 474 extendendae
972 435 1260 482 mortalitatis,
1285 435 1414 474 immo
1437 435 1479 474 in
1500 448 1517 482 5

208 500 576 540 immortalitatem
587 501 824 541 uertendae.
867 502 1056 548 honores,
1070 502 1345 549 monimenta,
1360 502 1480 553 quid-

210 567 314 619 quid
334 571 409 607 aut
429 568 608 607 decretis
627 568 805 607 ambitio
825 568 945 608 iussit
967 573 1041 608 aut
1061 560 1257 620 Operibus
1276 569 1479 615 extruxit,

208 634 293 674 cito
317 634 548 674 subruitur.
603 635 706 674 nihil
727 648 809 674 non
832 635 957 687 longa
977 636 1204 675 demolitur
1224 639 1417 675 uetustas
1438 639 1478 676 et

208 706 367 748 mouet,
391 705 436 741 at
465 701 527 748 iis,
549 714 659 753 quae
686 702 947 742 consecrauit
976 702 1197 754 sapientia,
1220 715 1368 742 nocere
1395 715 1479 741 non

208 772 350 820 potest
371 781 379 815 ;
411 768 528 808 nulla
543 768 728 808 abolebit
745 773 874 816 aetas,
894 769 1009 809 nulla
1023 770 1240 809 deminuet
1260 782 1268 816 ;
1301 782 1480 821 sequens
1503 787 1541 809 10

210 848 258 875 ac
291 836 443 875 deinde
475 848 641 888 semper
674 836 847 875 ulterior
881 836 1041 888 aliquid
1076 837 1129 876 ad
1163 837 1479 876 uenerationem

209 902 408 949 conferet,
434 903 637 954 quoniam
661 903 833 954 quidem
857 903 899 942 in
923 903 1062 943 uicino
1086 908 1281 943 uersatur
1304 903 1477 949 inuidia,

168 982 186 1019 5
208 969 438 1022 simplicius
490 970 611 1021 longe
662 970 801 1021 posita
854 970 1068 1009 miramur.
1129 970 1331 1022 sapientis
1383 983 1480 1022 ergo

209 1037 393 1076 multum
421 1040 542 1088 patet
571 1036 675 1083 uita,
706 1049 790 1075 non
819 1036 931 1076 idem
960 1037 1077 1076 illum
1106 1037 1178 1089 qui
1208 1041 1370 1077 ceteros
1398 1041 1480 1076 ter-

209 1104 348 1143 minus
373 1103 506 1143 cludit
526 1116 533 1142 ε
577 1103 689 1143 solus
713 1103 874 1155 generis
900 1104 1074 1143 humani
1100 1104 1261 1156 legibus
1285 1104 1478 1144 soluitur.
1504 1120 1539 1153 15

210 1170 353 1210 omnia
381 1170 437 1210 illi
468 1170 637 1210 saecula
665 1174 713 1209 ut
744 1171 822 1209 deo
851 1170 1053 1210 seruiunt.
1113 1171 1282 1211 transiit
1311 1175 1481 1223 tempus

210 1238 394 1289 aliquod,
433 1238 510 1276 hoc
548 1238 837 1276 recordatione
878 1238 1170 1290 comprendit:
1217 1240 1364 1284 instat,
1402 1238 1480 1278 hoc

208 1305 346 1345 utitur
366 1317 372 1343 :
419 1308 649 1344 uenturum
693 1309 769 1351 est,
814 1305 892 1344 hoc
934 1305 1150 1356 praecipit.
1212 1305 1381 1357 longam
1424 1305 1480 1344 illi

209 1372 345 1411 uitam
383 1371 486 1411 facit
522 1371 712 1410 omniurn
751 1375 992 1423 temporum
1028 1372 1071 1410 in
1106 1385 1239 1411 unum
1280 1372 1478 1423 conlatio.

170 1459 185 1483 1
295 1434 370 1480 16.
431 1438 604 1478 Illorum
648 1438 897 1478 breuissima
941 1452 990 1478 ac
1035 1439 1330 1478 sollicitissima
1364 1443 1482 1479 aetas
1501 1457 1543 1480 20

209 1510 286 1552 est,
315 1506 388 1557 qui
415 1505 741 1557 praeteritorum
769 1505 1089 1551 obliuiscuntur,
1118 1507 1358 1557 praesentia
1386 1519 1480 1546 nec-

209 1573 367 1624 legunt,
391 1573 443 1611 de
464 1573 609 1612 futuro
630 1572 784 1612 timent
804 1585 811 1611 :
851 1585 947 1612 cum
970 1573 1023 1611 ad
1045 1576 1234 1612 extrema
1256 1577 1479 1620 uenerunt,

210 1653 301 1679 sero
327 1639 576 1691 intellegunt
602 1639 753 1686 miseri,
781 1643 872 1678 tam
896 1640 969 1678 diu
994 1653 1049 1686 se,
1077 1640 1179 1679 dum
1204 1640 1307 1680 nihil
1333 1644 1478 1693 agunt,

172 1721 189 1744 2
210 1711 440 1758 occupatos
464 1707 603 1746 fuisse.
663 1719 739 1745 nec
764 1711 826 1745 est
852 1707 967 1758 quod
992 1707 1070 1745 hoc
1104 1711 1353 1758 argumento
1384 1720 1480 1760 pro-

211 1774 302 1813 bari
331 1778 456 1826 putes
485 1774 655 1825 longam
685 1773 776 1812 illos
806 1786 926 1825 agere
955 1773 1103 1819 uitam,
1135 1774 1236 1825 quia
1265 1774 1479 1814 interdurn
1499 1787 1539 1821 25

211 1845 392 1880 mortem
428 1841 657 1880 inuocant:
710 1844 840 1879 uexat
876 1840 967 1879 illos
1003 1840 1283 1891 inprudentia⁴
1310 1841 1480 1881 incertis

213 1908 450 1947 adfectibus
488 1911 530 1946 et
562 1907 873 1947 incurrentibus
905 1908 946 1946 in
980 1907 1071 1958 ipsa
1101 1920 1211 1958 quae
1249 1908 1477 1955 metuunt}

171 1986 191 2021 3
210 1979 392 2014 mortem
420 1987 544 2026 saepe
572 1974 666 2013 ideo
694 1978 860 2026 optant,
891 1974 991 2025 quia
1019 1974 1184 2014 timent.
1245 1975 1348 2014 illud
1375 1988 1479 2027 quo-

210 2055 292 2094 que
318 2032 615 2094 argumentum
640 2054 724 2080 non
750 2045 813 2080 est
838 2041 953 2092 quod
977 2045 1103 2092 putes
1128 2041 1201 2080 diu
1226 2042 1477 2089 uiuentium,

208 2109 324 2160 quod
343 2121 467 2161 saepe
486 2108 566 2148 illis
585 2109 734 2160 longus
752 2108 922 2147 uidetur
941 2108 1041 2155 dies,
1062 2108 1190 2159 quod,
1212 2109 1314 2148 dum
1333 2109 1478 2148 ueniat
1498 2128 1540 2160 30

278 2197 296 2224 9
314 2195 442 2224 mouet
454 2192 483 2223 A
495 2219 501 2229 ,
514 2192 661 2224 mordet
672 2191 834 2232 Madvig,
851 2192 1003 2222 amouet
1012 2191 1056 2223 P.
1071 2191 1224 2222 Thomas
1294 2173 1333 2223 ἑο
1351 2191 1479 2223 ueniat
