1623 2444
258 97 276 121 2
285 97 303 121 2
778 86 850 123 SE
857 85 938 122 NE
946 86 1014 122 CA

255 208 461 234 annorum
496 199 594 234 ante
626 195 717 233 illos
750 198 892 233 actum
926 198 1001 239 est,
1036 194 1114 233 illis
1148 195 1406 245 adquisitum
1441 198 1517 233 est.

256 262 333 301 nisi
388 261 655 313 ingratissimi
711 274 867 307 sumus,
925 261 981 299 illi
1036 250 1271 300 clarissimi
1306 274 1518 300 sacrarum

256 329 503 380 opinionum
537 308 927 367 conditoressnobis
960 328 1050 366 nati
1083 332 1194 374 sunt,
1231 328 1351 366 nobis
1383 328 1518 366 uitam

256 399 627 446 praeparauerunt
688 395 741 433 ad
786 408 849 433 res
894 394 1194 445 pulcherrimas
1240 407 1290 433 ex
1336 394 1519 433 tenebris

257 462 311 500 ad
357 462 492 500 lucem
529 466 670 513 egutas
717 461 851 500 alieno
891 461 1034 499 labore
1080 461 1353 507 deducimur;
1406 461 1520 500 nullo
1542 475 1558 506 5

257 528 378 567 nobis
404 528 569 567 saeculo
596 528 869 567 interdictum
896 532 971 573 est,
1001 527 1043 566 in
1070 528 1212 566 omnia
1239 528 1518 573 admittimur,

257 599 312 641 et,
349 595 381 634 si
416 595 707 646 magnitudine
742 594 869 633 animi
905 595 1042 645 egredi
1077 595 1287 633 humanae
1321 594 1520 633 inbecilli-

257 662 360 700 tatis
395 661 611 713 angustias
644 661 760 707 libet,
796 662 992 707 multum,
1019 674 1093 712 per
1125 661 1239 712 quod
1274 661 1518 712 spatiemur,

218 738 234 760 2
257 728 459 779 temporis
486 732 561 767 est.
621 728 836 779 disputare
864 741 960 766 cum
988 728 1159 766 Socrate
1186 728 1295 773 licet,
1326 727 1520 766 dubitare

257 808 353 834 cum
405 795 630 841 Carneade,
684 808 780 833 cum
831 795 1014 846 Epicuro
1065 794 1287 845 quiescere,
1341 794 1522 833 hominis
1546 810 1584 831 10

258 866 456 901 naturam
483 875 580 900 cum
607 861 758 900 Stoicis
784 861 962 907 uincere,
992 874 1088 900 cum
1116 861 1281 912 Cynicis
1308 861 1518 915 excedere.

258 942 354 967 cum
377 942 514 967 rerum
537 932 692 967 natura
713 928 756 966 in
779 928 1036 967 consortium
1059 928 1194 966 omnis
1218 915 1523 978 aeuivpatiatur

258 995 460 1041 incedere,
495 995 641 1046 quidni
676 995 728 1033 ab
761 995 839 1033 hoc
872 995 1021 1046 exiguo
1055 1000 1096 1033 et
1129 995 1288 1033 caduco
1321 994 1524 1045 temporis

258 1062 442 1101 transitu
464 1062 507 1101 in
530 1062 601 1100 illa
623 1066 716 1100 toto
740 1074 815 1100 nos
838 1062 985 1100 demus
1009 1062 1161 1106 animo,
1187 1074 1295 1112 quae
1318 1061 1520 1106 inmensa,

258 1142 367 1180 quae
393 1133 564 1168 aeterna
587 1132 699 1174 sunt,
726 1141 835 1179 quae
859 1141 955 1167 cum
980 1128 1219 1167 melioribus
1244 1127 1518 1166 communia?
1548 1144 1583 1176 15

218 1202 239 1238 3
259 1196 341 1242 isti,
367 1196 439 1247 qui
462 1209 536 1247 per
558 1195 695 1234 officia
718 1195 967 1241 discursant,
993 1195 1064 1246 qui
1089 1208 1131 1233 se
1156 1195 1341 1245 aliosque
1364 1194 1523 1245 inquie—

259 1267 368 1309 tant,
414 1275 510 1302 cum
553 1262 659 1301 bene
703 1262 961 1308 insanierint,
1007 1275 1103 1300 cum
1147 1261 1336 1300 omnium
1379 1261 1525 1299 limina

260 1330 413 1369 cotidie
466 1329 852 1381 perambulauerint
908 1342 982 1367 nec
1036 1329 1141 1367 ullas
1196 1332 1363 1379 apertas
1416 1328 1525 1366 fores

260 1396 564 1448 praeterierint,
611 1409 706 1435 cum
750 1408 824 1447 per
868 1395 1170 1434 diuersissimas
1214 1395 1361 1433 domos
1405 1394 1525 1433 meri-

260 1463 414 1503 toriam
449 1463 748 1502 salutationem
784 1462 1128 1507 circumtulerint,
1166 1466 1346 1512 quotum
1381 1473 1525 1512 quem-
1547 1475 1588 1497 20

261 1544 342 1582 que
369 1543 420 1569 ex
446 1535 537 1569 tam
562 1529 754 1569 inmensa
779 1533 821 1568 et
848 1529 975 1568 uariis
1001 1528 1308 1580 cupiditatibus
1334 1527 1528 1567 districta

219 1609 242 1643 4
261 1597 364 1637 urbe
394 1601 595 1649 poterunt
626 1596 802 1636 uidere?
864 1609 993 1647 quam
1023 1595 1146 1634 multi
1177 1599 1314 1640 erunt,
1346 1607 1527 1645 quorum

261 1664 353 1703 illos
383 1668 457 1703 aut
488 1676 658 1703 somnus
691 1667 765 1702 aut
794 1662 962 1702 luxuria
992 1666 1066 1701 aut
1096 1661 1386 1700 inhumanitas
1415 1674 1526 1700 sum-

262 1731 460 1771 moueat!
499 1744 629 1782 quam
664 1729 787 1770 multi
824 1729 895 1780 qui
932 1729 1036 1775 illos,
1074 1741 1170 1768 cum
1206 1728 1279 1767 diu
1314 1727 1526 1773 torserint,

262 1797 462 1838 simulata
517 1782 787 1836 festinatione
843 1796 1159 1835 transcurrant!
1219 1808 1349 1846 quam
1405 1793 1528 1833 multi
1550 1805 1588 1837 25

263 1878 337 1918 per
370 1865 571 1904 refertum
606 1863 828 1903 clientibus
863 1862 1018 1902 atrium
1051 1862 1217 1914 prodire
1250 1862 1452 1901 uitabunt
1486 1864 1529 1899 et

263 1945 338 1984 per
374 1932 573 1971 obscuros
611 1930 779 1970 aedium
817 1929 957 1968 aditus
994 1929 1248 1981 profugient,
1287 1928 1407 1979 quasi
1445 1925 1529 1966 non

264 1999 536 2038 inhumanius
587 1998 641 2037 sit
693 1996 882 2048 decipere
927 2009 1056 2047 quam
1103 1996 1348 2035 excludere!
1400 2007 1530 2046 quam

262 2066 388 2107 multi
426 2066 622 2104 hesterna
657 2064 830 2115 crapula
866 2063 1137 2102 semisomnes
1174 2067 1215 2101 et
1253 2074 1430 2114 graues,
1452 2061 1532 2100 illis

334 2165 352 2192 3
375 2163 493 2192 ultam
517 2160 563 2196 A,
584 2159 683 2191 uiam
705 2158 854 2199 Lipsius
951 2162 989 2188 12
1016 2167 1100 2189 cum
1126 2167 1263 2188 <nos>
1290 2165 1410 2188 rerum
1433 2156 1535 2187 malit

265 2212 365 2244 Gertz
458 2215 496 2242 22
514 2211 604 2242 urbe
620 2210 667 2247 A,
688 2210 797 2242 turba
815 2212 970 2251 (propter
989 2210 1048 2247 ex)
1067 2209 1165 2240 Gertz
