1623 2444
166 527 186 561 §aa

167 1134 189 1167 4

209 84 258 120 54
721 71 962 108 SENECA

207 182 323 221 uitae
360 182 533 221 sedebat
570 181 803 231 mortisque.
840 181 1009 227 arbiter,
1041 181 1095 219 M.
1133 180 1307 219 Antonii
1345 180 1476 219 frater

207 250 302 287 duci
327 248 553 287 iubebatur
577 249 630 287 ad
653 248 904 299 supplicium
925 248 931 286 l
993 247 1091 286 tulit
1115 247 1193 286 hoc
1216 251 1361 286 tamen
1384 251 1473 285 tam

209 316 329 354 triste
356 316 510 354 uulnus
538 316 683 354 eadem
711 314 1004 365 magnitudine
1032 314 1160 353 animi
1185 315 1239 352 M.
1264 313 1476 352 Antonius

207 396 292 433 qua
319 382 461 421 omnia
490 382 572 420 alia
599 383 776 420 aduersa
804 381 1071 427 tolerauerat,
1102 385 1144 419 et
1172 381 1250 419 hoc
1278 380 1359 419 fuit
1388 380 1476 419 eius

207 450 358 500 lugere,
399 448 549 500 uiginti
588 449 799 499 legionum
838 448 1040 499 sanguine
1059 433 1063 492 1
1079 447 1199 486 fratri
1237 450 1474 498 parentare.
1498 461 1514 494 5

208 517 292 561 sed,
313 520 359 555 ut
383 516 526 554 omnia
547 516 628 554 alia
650 515 842 566 exempla
858 522 1133 566 praeteream,
1152 518 1200 553 ut
1222 514 1264 552 in
1285 526 1353 553 me
1374 526 1477 564 quo-

208 596 288 634 que
320 583 410 634 ipso
444 582 525 621 alia
556 587 721 621 taceam
753 583 914 628 funera,
947 581 1012 620 bis
1042 594 1109 620 me
1141 581 1328 619 fraterno
1358 580 1478 619 luctu

209 663 403 701 aggressa
436 650 627 688 Fortuna
661 654 737 695 est,
764 649 828 687 bis
863 648 1069 687 intellexit
1104 647 1213 686 laedi
1245 660 1313 686 me
1341 659 1476 699 posse,

209 717 319 755 uinci
349 730 433 755 non
458 729 592 768 posse.
655 716 780 755 amisi
805 728 997 762 sommum
1036 714 1155 754 amisi
1181 714 1479 753 Germanicum

210 784 395 830 fratrem,
422 796 549 834 quem
573 783 786 834 quomodo
812 782 1054 827 amauerim,
1071 781 1276 832 intellegit
1291 780 1481 833 profecto

209 851 399 902 quisquis
432 850 592 901 cogitat
629 850 843 901 quomodo
885 862 981 888 suos
1028 849 1179 887 fratres
1225 848 1282 900 pii
1330 847 1481 886 fratres

211 922 381 963 ament;
419 917 476 956 sic
506 921 651 956 tamen
682 917 897 955 adfectum
928 929 1070 955 meum
1103 915 1203 961 rexi,
1235 919 1283 954 ut
1314 927 1388 954 nec
1419 926 1481 953 re-

209 985 441 1035 linquerem
458 984 687 1035 quicquam
707 983 821 1034 quod
847 983 954 1034 exigi
974 983 1145 1021 deberet
1168 995 1193 1020 a
1206 982 1319 1021 bono
1336 982 1479 1027 fratre,

211 1065 285 1090 nec
311 1052 491 1090 iacerem
517 1051 632 1102 quod
657 1050 903 1102 reprehendi
930 1053 1072 1102 posset
1097 1049 1140 1088 in
1165 1048 1380 1101 principe.y

292 1119 409 1157 Haec
443 1131 538 1169 ergo
571 1122 679 1169 puta
712 1117 789 1156 tibi
823 1121 1043 1169 parentem
1076 1116 1295 1167 publicum
1328 1115 1481 1155 referre

211 1186 418 1237 exempla,
439 1186 619 1224 eundem
640 1185 872 1231 ostendere,
893 1197 1023 1235 quam
1043 1183 1145 1222 nihil
1164 1195 1330 1222 sacrum
1348 1183 1482 1222 intac-

211 1257 388 1303 tumque
415 1252 469 1291 sit
497 1253 724 1296 Fortunae,
751 1264 860 1303 quae
887 1264 938 1289 ex
964 1251 1021 1289 eis
1039 1250 1266 1302 penatibus
1292 1262 1395 1288 ausa
1419 1252 1482 1288 est

212 1320 360 1358 funera
389 1320 553 1365 ducere,
586 1332 637 1358 ex
667 1318 821 1370 quibus
851 1322 941 1358 erat
971 1318 1071 1356 deos
1099 1317 1299 1369 petitura.
1360 1328 1483 1355 nemo

211 1387 356 1437 itaque
381 1387 558 1425 miretur
584 1385 743 1436 aliquid
769 1385 822 1424 ab
848 1385 919 1423 illa
944 1388 1018 1424 aut
1043 1384 1269 1423 crudeliter
1293 1383 1381 1422 fieri
1407 1386 1482 1422 aut

212 1454 381 1504 inique;
429 1457 571 1505 potest
603 1453 714 1492 enim
746 1453 848 1491 haec
881 1452 1082 1490 aduersus
1112 1450 1304 1502 priuatas
1334 1450 1484 1489 domos

212 1521 340 1560 ullam
370 1521 630 1571 aequitatem
658 1532 779 1558 nosse
807 1523 881 1558 aut
909 1519 1039 1557 ullam
1066 1517 1334 1564 modestiam,
1364 1516 1484 1556 cuius

213 1587 490 1639 implacabilis
530 1587 709 1626 saeuitia
746 1586 903 1625 totiens
942 1585 1034 1637 ipsa
1072 1584 1307 1623 funestauit
1345 1582 1483 1635 pului-

213 1655 364 1693 naria?
428 1655 633 1693 faciamus
670 1653 767 1692 licet
813 1653 870 1691 illi
917 1652 1155 1691 conuicium
1203 1664 1288 1690 non
1339 1654 1484 1690 nostro

214 1726 383 1761 tantum
405 1734 474 1760 ore
494 1722 567 1760 sed
588 1721 717 1759 etiarn
737 1720 919 1772 publico,
943 1732 1027 1758 non
1048 1723 1192 1757 tamen
1213 1717 1454 1757 mutabitur
1473 1728 1482 1763 ;

213 1790 414 1828 aduersus
462 1788 598 1827 omnis
646 1801 689 1827 se
737 1799 879 1838 preces
928 1786 1148 1836 omnisque
1198 1783 1484 1836 querimonias

213 1856 363 1907 exiget.
423 1856 502 1894 hoc
525 1855 605 1893 fuit
629 1854 672 1893 in
695 1854 819 1893 rebus
841 1853 1037 1892 humanis
1058 1853 1260 1898 Fortuna,
1278 1852 1357 1890 hoc
1376 1850 1454 1890 erit
1474 1862 1482 1890 :

214 1923 315 1962 nihil
342 1923 537 1961 inausum
564 1922 641 1961 sibi
668 1920 849 1972 reliquit,
879 1920 980 1959 1111111
1006 1920 1218 1958 intactum
1243 1918 1452 1969 relinquet
1473 1929 1482 1963 ;

214 1990 291 2028 ibit
316 1989 540 2028 uiolentior
563 2001 637 2040 per
660 1988 815 2033 omnia,
842 1987 949 2026 sicut
975 1987 1100 2025 solita
1123 1990 1185 2025 est
1211 1997 1387 2037 semper,
1414 1997 1485 2023 eas

281 2063 299 2089 3
325 2058 372 2089 M.
388 2058 572 2088 Antonius
590 2057 720 2088 delebat
734 2057 899 2087 M'm‘etzts
991 2060 1011 2086 4
1034 2055 1111 2086 eius
1126 2055 1248 2095 lugere
1259 2055 1299 2089 Ο,
1313 2054 1345 2085 ei
1363 2054 1485 2094 lugere

214 2111 305 2149 uolg.
398 2114 417 2141 9
435 2110 539 2141 amisi
558 2119 718 2140 sororem
738 2108 861 2140 addidi
947 2111 986 2138 25
1004 2106 1252 2149 querimonias
1269 2105 1483 2141 Pincianus,

215 2162 432 2194 cerimonias
464 2163 491 2193 O
585 2166 623 2192 28
658 2161 838 2192 uiolenter
866 2160 957 2192 coni.
985 2159 1083 2191 Gertz
1176 2168 1329 2199 semper,
1357 2160 1395 2189 et
1424 2167 1485 2189 eas

216 2225 363 2258 quoquc
390 2215 535 2246 domos.
553 2240 559 2245 .
575 2239 582 2246 .
595 2214 731 2251 aditur,
758 2217 893 2244 atram.
911 2238 918 2244 .
935 2237 942 2244 .
954 2215 1108 2243 uestem.
1133 2211 1225 2243 coni.
1251 2211 1349 2242 Gertz

1504 791 1542 813 10

1506 1129 1541 1161 15

1503 1463 1544 1485 20

1505 1797 1543 1831 25
