1623 2444
569 49 655 84 Al)
693 48 816 84 HEL
831 48 978 83 ΗΑΛ]
1363 58 1409 93 79

140 171 189 198 eo
227 159 422 198 laetiores
460 159 558 205 sint,
598 172 682 210 quo
722 159 887 198 animus
925 158 1091 196 illorum
1130 158 1172 196 in
1211 157 1412 209 pauciora

141 225 418 277 distringitur.
478 235 742 265 transeamus
778 239 877 277 opes
914 238 1046 276 paene
1080 225 1237 276 inopes,
1268 223 1410 263 uenia·
1435 237 1452 260 2

140 305 234 331 mus
286 293 340 331 ad
394 293 650 344 locupletes:
711 306 840 344 quam
882 293 1019 331 multa
1060 296 1254 343 tempora
1295 294 1408 336 sunt,

140 359 295 410 quibus
334 360 591 411 pauperibus
632 360 786 399 similes
828 359 939 398 sint!
1000 358 1269 397 circumcisae
1310 361 1410 396 sunt

103 426 498 478 §peregrinantium
533 427 732 472 sarcinae,
770 430 825 472 et,
862 426 1058 477 quotiens
1093 424 1410 464 festinationem

140 493 365 532 necessitas
395 493 554 532 itineris
585 494 736 544 exegit,
769 493 973 532 comitum
1004 492 1131 531 turba
1164 491 1409 530 dimittitur.

140 560 370 599 militantes
383 564 559 611 quotam
572 565 737 612 partem
750 573 888 598 rerum
901 572 1072 598 suarum
1084 571 1225 598 secum
1238 558 1411 604 habent,

141 640 238 665 cum
276 639 444 666 omnem
484 631 737 679 apparatum
780 627 1003 665 castrensis
1041 626 1263 677 disciplina
1300 638 1412 664 sum-

142 695 341 733 moueat!
401 707 477 733 nec
515 699 686 733 tantum
719 694 909 733 condicio
942 694 1031 732 illos
1063 698 1303 744 temporum
1336 696 1410 731 aut
1434 703 1454 738 3

87 776 125 798 10
142 761 329 800 locorum
362 761 505 812 inopia
526 761 783 813 pauperibus
808 764 1017 811 exaequat
1039 772 1046 799 :
1087 764 1262 799 sumunt
1287 772 1411 810 quos-

143 828 242 866 dam
276 828 375 874 dies,
410 841 507 867 cum
540 828 624 867 iam
658 828 748 867 illos
781 828 1028 866 diuitiarum
1061 827 1251 866 taedium
1284 826 1409 878 cepit,

144 895 297 945 quibus
344 895 460 934 humi
508 899 657 934 cenent
705 899 745 933 et
794 899 955 933 remoto
1004 907 1105 933 auro
1153 898 1411 945 argentoque

144 961 342 1000 fictilibus
374 966 563 1000 utantur.
623 962 866 1000 dementes!
927 962 1004 1000 hoc
1036 961 1151 1012 quod
1183 960 1411 1011 aliquando

144 1029 460 1080 concupiscunt,
493 1042 656 1080 semper
685 1029 851 1067 timent.
910 1042 934 1066 o
965 1032 1129 1079 quanta
1159 1028 1249 1066 illos
1279 1027 1411 1078 caligo

90 1112 123 1145 15
145 1095 365 1142 mentium,
394 1100 557 1146 quanta
589 1096 828 1147 ignorantia
861 1095 1054 1134 ueritatis
1090 1098 1283 1141 excaecat,
1314 1107 1411 1146 quos

145 1162 266 1201 timor
310 1163 568 1214 paupertatis
616 1166 794 1209 exercet,
837 1176 966 1213 quam
1008 1161 1244 1213 uoluptatis
1285 1174 1413 1200 causa

145 1229 369 1268 imitantur
387 1230 394 1268 l
454 1242 520 1268 me
537 1229 721 1280 quidem,
741 1230 936 1280 quotiens
954 1230 1007 1268 ad
1025 1229 1202 1280 antiqua
1219 1228 1413 1279 exempla
1434 1242 1457 1275 4

147 1296 321 1347 respexi,
373 1296 638 1348 paupertatis
687 1296 751 1335 uti
802 1296 963 1336 solaciis
1013 1297 1159 1348 pudet,
1211 1295 1412 1346 quoniam

146 1363 317 1414 quidem
344 1376 391 1402 eo
418 1367 658 1415 temporum
684 1363 851 1402 luxuria
876 1363 1072 1415 prolapsa
1098 1367 1174 1409 est,
1203 1367 1249 1401 ut
1276 1362 1413 1401 maius

87 1451 129 1473 20
147 1430 351 1469 uiaticum
388 1430 559 1469 exulum
595 1430 649 1469 sit
679 1443 809 1481 quam
838 1430 938 1469 olim
967 1429 1271 1481 patrimonium
1300 1428 1412 1480 prin-

147 1497 289 1548 cipum
305 1497 399 1536 fuit.
433 1510 565 1536 unum
582 1497 708 1536 fuisse
728 1498 912 1536 Homero
929 1510 1110 1543 seruum,
1129 1501 1213 1535 tres
1230 1495 1411 1541 Platoni,

148 1563 309 1602 nullum
347 1564 516 1610 Zenoni,
558 1577 582 1602 a
618 1577 703 1614 quo
741 1564 878 1615 coepit
918 1564 1155 1603 Stoicorum
1192 1563 1326 1614 rigida
1364 1575 1412 1601 ac

147 1630 277 1669 uirilis
306 1630 526 1682 sapientia,
557 1631 660 1670 satis
689 1635 884 1669 constat:
931 1643 1033 1669 num
1062 1643 1157 1682 ergo
1187 1630 1413 1681 quisquam

148 1709 218 1736 eos
247 1697 395 1736 misere
424 1697 578 1736 uixisse
608 1697 732 1744 dicet,
763 1702 811 1737 ut
843 1710 926 1736 non
956 1697 1044 1748 ipse
1073 1697 1329 1736 miserrimus
1359 1695 1413 1734 ob

89 1773 128 1807 25
149 1764 227 1803 hoc
247 1763 443 1803 omnibus
463 1764 659 1803 uideatur
678 1764 692 1803 Ρ
755 1764 970 1803 Menenius
990 1764 1189 1815 Agrippa,
1212 1763 1284 1815 qui
1305 1763 1416 1802 inter
1437 1776 1454 1813 5

148 1834 291 1882 patres
313 1843 360 1869 ac
382 1830 548 1882 plebem
569 1831 762 1883 publicae
784 1831 944 1882 gratiae
966 1835 1181 1881 sequester
1203 1831 1296 1876 fuit,
1322 1842 1414 1868 aere

149 1897 317 1936 conlato
343 1897 562 1936 funeratus
587 1902 663 1936 est.
722 1898 876 1936 Atilius
903 1898 1101 1949 Regulus,
1129 1910 1225 1936 curn
1252 1898 1414 1935 Poenos

149 1963 192 2003 in
211 1964 355 2002 Africa
374 1964 582 2010 funderet,
605 1965 659 2003 ad
679 1968 873 2003 senatum
895 1964 1059 2016 scripsit
1080 1963 1414 2003 mercennarium

218 2118 236 2144 2
261 2115 492 2144 transeamus
517 2123 584 2154 ape
610 2124 673 2154 spe
698 2124 770 2144 non
795 2113 1037 2144 obueniamus
1062 2112 1114 2143 A:
1151 2123 1237 2144 corr.
1264 2111 1415 2151 Madvig

151 2171 189 2198 15
215 2168 399 2201 excaecat,
419 2175 512 2207 quos
537 2165 648 2196 timor
672 2165 905 2207 paupertatis
931 2165 1010 2196 add.
1043 2164 1175 2196 Vahlen
