1623 2444
542 47 629 83 AD
658 47 771 83 POL
786 46 978 82 YBJVM
1342 56 1389 93 47

124 157 322 203 hendent,
361 156 571 195 neminem
607 156 911 208 praeteribunt.
971 157 1013 195 in
1050 146 1270 207 procinctu
1306 160 1389 195 stet

124 224 302 270 animus,
322 227 363 262 et
382 223 425 262 id
442 223 557 274 quod
575 236 740 262 necesse
759 227 821 262 est
840 236 1074 274 numquam
1093 223 1256 269 timeat,
1276 223 1391 273 quod

122 290 329 329 incertum
368 294 431 329 est
467 303 631 341 semper
673 294 880 341 expectet.
939 290 1041 340 quid
1084 290 1221 328 dicam
1264 290 1433 328 duces4

122 357 363 408 ducumque
385 357 625 408 progeniem
650 362 691 395 et
714 357 860 396 multis
884 361 958 395 aut
982 356 1271 395 consulatibus
1294 369 1391 395 con-

86 423 288 474 sspicuos
325 428 398 462 aut
435 412 672 475 triumphis
697 428 808 462 sorte
845 423 1067 462 defunctos
1103 423 1386 462 inexorabili?

123 494 216 529 tota
252 503 348 529 cum
385 490 551 541 regibus
587 503 714 541 regna
749 490 979 541 populique
1016 503 1111 529 cum
1149 490 1390 541 regentibus

122 556 254 595 tule're
275 557 413 596 fatum
435 569 582 603 suum;
619 570 775 603 omnes,
798 557 927 595 immo
953 557 1107 603 onmia,
1130 557 1172 595 in
1191 557 1389 595 ultimum

121 623 232 662 diem
258 628 466 675 spectant.
526 636 610 662 non
636 624 747 662 idem
774 624 979 662 uniuersis
1005 624 1099 662 finis
1125 627 1215 662 est:
1260 624 1388 663 alium

121 689 163 728 in
185 690 323 729 medio
346 703 470 729 cursu
492 690 584 729 uita
605 691 771 737 deserit,
797 690 925 729 aliurn
948 691 990 729 in
1013 690 1103 742 ipso
1127 691 1247 729 aditu
1269 690 1389 729 relin-

66 771 103 793 10
121 757 228 807 quit,
261 757 389 796 alium
419 757 461 795 in
492 762 682 796 extrema
711 761 940 803 senectute,
973 757 1202 808 fatigatum
1232 757 1317 796 iam
1347 762 1389 796 et

122 823 233 862 exire
255 824 508 875 cupientem,
534 824 606 863 uix
629 824 788 863 emittit
809 836 817 870 ;
858 824 938 862 alio
961 824 1132 874 quidem
1157 828 1285 875 atque
1309 824 1389 863 alio

121 894 323 942 tempore,
354 903 498 930 omnes
526 895 670 929 tamen
698 891 741 929 in
769 891 949 930 eundern
977 891 1115 930 locum
1144 891 1387 937 tendimus;

120 961 319 996 utrumne
334 957 507 996 stultius
522 957 1020 1012 sit,nescio;mortalitatis
1035 958 1168 1009 legem
1184 958 1386 1009 ignorare,

121 1036 175 1062 an
208 1023 483 1075 inpudentius
516 1037 718 1063 recusare.
779 1025 958 1075 agedum
992 1025 1074 1070 illa,
1111 1038 1219 1075 quae
1252 1025 1388 1064 multo

65 1102 100 1134 15
120 1090 273 1141 ingenii
289 1091 352 1130 tui
368 1091 511 1130 labore
526 1091 737 1130 celebrata
752 1095 864 1137 sunt,
877 1091 919 1129 in
934 1104 1086 1130 manus
1101 1104 1219 1130 sume
1234 1092 1388 1131 utrius-

119 1157 222 1196 libet
264 1158 447 1197 auctoris
488 1158 688 1204 carmina,
732 1171 841 1209 quae
883 1162 931 1197 tu
972 1158 1033 1196 ita
1074 1159 1281 1197 resoluisti
1324 1163 1385 1205 ut,

119 1224 315 1275 quamuis
369 1228 583 1263 structura
637 1225 802 1263 illorum
857 1225 1084 1271 recesserit,
1140 1230 1387 1276 permaneat

119 1294 263 1330 tamen
293 1291 544 1342 gratia—sic
575 1291 687 1330 enim
718 1291 788 1330 1113
819 1304 870 1330 ex
903 1292 984 1330 alia
1014 1292 1157 1343 lingua
1187 1292 1229 1330 in
1262 1292 1387 1331 aliam

118 1358 387 1404 transtulisti,
444 1362 506 1404 ut,
563 1358 679 1409 quod
734 1358 1025 1397 difficillimum
1082 1364 1184 1405 erat,
1243 1372 1387 1398 omnes

58 1438 100 1460 20
118 1424 299 1464 uirtutes
343 1424 385 1463 in
430 1425 610 1463 alienam
655 1429 697 1463 te
741 1425 975 1484 orationem
1020 1430 1188 1464 secutae
1234 1426 1384 1465 sint—2

119 1491 257 1530 nullus
295 1491 373 1530 erit
412 1491 454 1530 in
493 1491 572 1530 illis
610 1491 776 1543 scriptis
814 1477 929 1537 111)6Γ,
970 1492 1042 1543 qui
1082 1505 1166 1530 non
1204 1488 1405 1544 plurima

118 1558 339 1597 uarietatis
371 1558 581 1596 humanae
614 1558 953 1609 incertorumque
986 1571 1160 1598 casuum
1194 1564 1235 1598 et
1268 1560 1386 1598 lacri-

118 1637 296 1670 marum,
325 1637 376 1663 ex
404 1625 485 1663 alia
512 1629 640 1676 atque
668 1625 750 1664 alia
775 1638 903 1664 causa
927 1625 1163 1672 fluentium,
1193 1627 1387 1678 exempla

118 1690 196 1729 tibi
237 1695 444 1742 suggerat.
503 1692 606 1743 lege,
649 1696 811 1742 quanto
853 1692 1003 1743 spiritu
1043 1693 1284 1743 ingentibus
1324 1693 1385 1732 in·
1406 1692 1428 1727 6

58 1771 96 1804 25
118 1757 305 1797 tonueris
324 1757 474 1797 rebus:
511 1758 707 1812 pudebit
711 1762 754 1797 te
774 1758 915 1797 subito
935 1759 1109 1798 deficere
1129 1764 1170 1798 et
1191 1773 1242 1798 ex
1262 1764 1386 1799 tanta

117 1825 319 1864 orationis
369 1825 672 1888 magnitudine
712 1811 950 1865 desciscere.
1011 1839 1061 1864 ne
1113 1827 1382 1873 commiseris,

117 1895 165 1930 ut
204 1891 395 1943 quisquis
434 1885 631 1943 exempto
670 1879 797 1931 modo
836 1893 995 1944 scripta
1034 1897 1110 1931 tua
1148 1893 1385 1932 mirabatur

0 601 7 631 '.¹‘

1410 1030 1429 1068 υι

183 2011 200 2038 6
226 2017 311 2039 cum
335 2007 546 2049 regentibus
570 2007 703 2044 Haase,
727 2017 812 2039 cum
837 2008 1008 2049 gentibus
1033 2009 1061 2040 O
1157 2013 1194 2040 20
1226 2009 1384 2041 uirtutes

114 2058 195 2096 DE,
214 2062 377 2090 turtures
394 2059 436 2096 Β,
456 2068 606 2090 ueneres
623 2059 764 2090 Fickert
857 2063 895 2090 25
915 2059 1023 2091 rebus
1040 2060 1080 2097 Ο,
1100 2060 1221 2092 uerbis
1239 2061 1384 2103 Bentley

115 2115 154 2142 27
177 2113 351 2151 exempto
376 2110 486 2141 modo
510 2109 672 2150 Madvig,
697 2111 866 2151 exemplo
890 2120 933 2141 ac
956 2111 1066 2142 modo
1083 2111 1144 2142 BG
1156 2113 1194 2149 V,
1214 2113 1383 2154 exemplo

115 2165 183 2194 aut
199 2163 311 2194 modo
327 2163 355 2194 O
