1623 2444
485 57 573 94 AD
602 57 716 94 POL
726 57 927 94 YBJVM
1285 67 1332 105 45

65 167 180 217 quod
201 167 361 218 accepit
381 166 454 205 sed
474 166 617 205 damni
638 167 753 217 quod
772 167 968 205 reddidit.
1042 167 1232 218 ingratus
1257 171 1333 212 est,

65 233 137 284 qui
176 233 371 272 iniuriam
413 237 539 272 uocat
581 234 708 290 finem
755 234 1002 285 uoluptatis,
1048 234 1217 279 stultus,
1262 234 1333 284 qui

65 300 228 339 nullum
248 300 434 339 fructum
453 313 541 339 esse
560 304 686 351 putat
706 300 914 339 bonorum
934 301 1012 339 nisi
1032 301 1332 352 praesentium,

64 367 137 418 qui
162 380 246 406 non
271 371 312 406 et
337 367 378 405 in
402 367 641 418 praeteritis
666 368 900 418 adquiescit
925 372 966 406 et
992 381 1041 406 ea
1065 368 1224 406 iudicat
1249 380 1334 406 cer-

27 445 43 479 5
66 433 176 472 tiora
201 447 310 485 quae
338 434 546 480 abierunt,
570 434 671 485 quia
698 434 749 473 de
771 435 850 473 illis
872 448 923 473 ne
946 435 1141 473 desinant
1164 447 1248 473 non
1271 438 1333 473 est

69 500 315 539 timendum.
390 501 514 539 nimis
540 496 740 552 angustat
765 501 920 552 gaudia
944 515 1032 547 sua,
1058 501 1133 553 qui
1158 501 1216 540 eis
1241 505 1334 540 tan-
1357 508 1376 543 3

67 568 288 606 tummodo
305 581 413 619 quae
429 568 557 606 habet
577 581 624 607 ac
640 568 770 614 uidet,
781 568 861 607 frui
879 582 921 607 se
937 573 1063 620 putat
1080 573 1121 608 et
1138 568 1334 608 habuisse

67 634 214 673 eadem
232 648 308 686 pro
327 635 455 673 nihilo
474 635 591 674 ducit
612 647 620 681 ;
655 635 739 674 cito
758 635 868 674 enim
888 648 963 674 nos
981 636 1117 675 omnis
1134 636 1334 687 uoluptas

67 701 278 752 relinquit,
312 714 421 752 quae
452 701 545 741 fluit
577 706 618 740 et
651 703 803 741 transit
836 707 877 741 et
909 716 1042 753 paene
1075 707 1173 741 ante
1204 715 1334 754 quam

12 785 50 808 10
67 768 211 807 ueniat
270 769 471 807 aufertur.
530 769 674 820 itaque
731 769 773 808 in
831 770 1108 821 praeteritum
1166 774 1335 821 tempus

68 835 233 874 animus
276 835 512 874 mittendus
556 840 632 882 est,
679 840 720 875 et
765 836 967 887 quicquid
1011 850 1086 875 nos
1130 849 1334 887 umquam

68 902 295 941 delectauit
326 903 611 941 reducendum
642 916 689 941 ac
719 903 928 954 frequenti
959 904 1215 955 cogitatione
1244 916 1335 955 per-

68 969 341 1008 tractandum
385 974 475 1008 est:
536 970 698 1021 longior
739 970 984 1021 fideliorque
1027 975 1089 1009 est
1133 970 1336 1009 memoria

68 1036 341 1087 uoluptatum
381 1049 509 1087 quam
549 1037 799 1088 praesentia.
859 1038 974 1088 quod
1013 1038 1199 1077 habuisti
1239 1050 1335 1088 ergo
1357 1049 1380 1083 4

13 1115 47 1148 15
68 1103 278 1154 optimum
310 1103 497 1149 fratrem,
531 1103 573 1142 in
604 1104 779 1143 summis
809 1104 930 1143 bonis
960 1105 1096 1156 pone!
1157 1117 1241 1143 non
1273 1108 1335 1143 est

69 1170 184 1221 quod
225 1170 393 1221 cogites,
437 1175 599 1221 quanto
641 1171 800 1210 diutius
841 1172 995 1210 habere
1035 1172 1223 1223 potueris
1263 1171 1337 1210 sed

69 1249 198 1288 quam
235 1237 307 1275 diu
344 1237 550 1276 habueris.
611 1251 748 1277 rerum
781 1243 935 1277 natura
967 1239 1084 1277 illum
1116 1239 1193 1277 tibi
1227 1238 1336 1277 sicut

69 1303 218 1342 ceteris
246 1304 397 1365 fratres
426 1317 522 1357 suos
552 1317 635 1362 non
664 1305 875 1357 mancipio
905 1306 1021 1344 dedit
1051 1306 1124 1345 sed
1152 1297 1336 1344 commo-

70 1370 350 1417 dauit1cum
368 1356 512 1410 uisum
526 1376 589 1410 est
608 1371 771 1418 deinde,
792 1372 973 1424 repetiit,
995 1385 1070 1412 nec
1088 1377 1209 1411 tuam
1227 1372 1269 1411 in
1289 1385 1337 1410 eo

10 1450 51 1472 20
70 1437 313 1476 satietatem
337 1442 483 1477 secuta
506 1443 568 1477 est
593 1439 666 1492 sed
689 1452 810 1477 suam
833 1440 978 1490 legem.
1039 1439 1071 1478 si
1096 1440 1190 1490 quis
1213 1452 1337 1491 pecu-
1360 1448 1379 1486 5

70 1504 184 1543 niam
207 1505 411 1543 creditam
434 1488 606 1544 soluisse
629 1518 671 1544 se
693 1506 869 1545 moleste
891 1506 1012 1552 ferat,
1037 1519 1131 1545 eam
1153 1518 1338 1558 praeser-

70 1571 149 1610 tim
178 1571 296 1610 cuius
325 1585 448 1610 usum
477 1572 713 1623 gratuitum
744 1573 963 1625 acceperit,
992 1586 1130 1612 nonne
1156 1573 1338 1612 iniustus

70 1638 135 1677 uir
161 1638 403 1678 habeatur?
465 1639 582 1678 dedit
610 1644 764 1678 natura
791 1640 911 1679 fratri
939 1644 1015 1679 tuo
1042 1641 1190 1687 uitam,
1220 1640 1337 1679 dedit

71 1708 113 1744 et
143 1705 239 1743 tibi:
279 1718 387 1756 quae
418 1718 493 1744 suo
525 1706 613 1745 iure
643 1720 720 1745 usa
749 1707 782 1745 si
814 1720 839 1746 a
868 1720 953 1758 quo
979 1707 1114 1746 uoluit
1145 1707 1338 1746 debitum

11 1787 51 1820 25
71 1784 194 1810 suum
222 1772 346 1811 citius
373 1773 524 1823 exegit,
554 1786 638 1812 non
666 1773 736 1812 illa
762 1773 805 1812 in
833 1774 958 1826 culpa
984 1778 1060 1821 est,
1090 1774 1208 1813 cuius
1235 1778 1339 1813 nota

72 1842 161 1877 erat
196 1839 398 1885 condicio,
434 1840 507 1878 sed
539 1840 730 1879 mortalis
764 1841 892 1879 animi
926 1854 1020 1892 spes
1055 1841 1193 1888 auida,
1229 1853 1339 1892 quae

72 1905 263 1953 subinde,
306 1906 409 1956 quid
454 1919 593 1945 rerum
638 1911 793 1947 natura
837 1908 904 1954 sit,
945 1908 1221 1954 obliuiscitur,
1263 1920 1339 1947 nec

72 1985 276 2023 umquam
316 1973 440 2011 sortis
479 1986 579 2012 suae
609 1974 802 2013 meminit
834 1974 912 2013 nisi
943 1987 1040 2014 cum
1072 1975 1337 2014 admonetur.

72 2039 209 2089 gaude
227 2039 372 2091 itaque
391 2039 586 2079 habuisse
603 2044 645 2080 te
664 2044 753 2079 tam
773 2041 933 2081 bonum
949 2041 1136 2088 fratrem,
1155 2046 1196 2081 et
1216 2054 1340 2081 usum
1361 2045 1383 2079 6

141 2141 179 2168 18
204 2137 336 2169 fratres
354 2147 438 2170 suos
455 2138 616 2180 Madvig,
638 2139 814 2172 fratribus
832 2150 916 2172 suos
933 2140 962 2171 Ο
1054 2144 1093 2171 25
1116 2141 1249 2182 exegit,
1269 2150 1343 2172 non

73 2187 183 2225 Gertz,
203 2188 335 2229 exegit.
354 2189 439 2220 Non
456 2189 547 2230 uolg.
