1623 2444
247 103 293 126 20
755 87 993 124 SENECA

200 211 223 243 4
242 198 437 251 uanitate
467 195 669 235 detineat.
729 195 807 233 hoc
838 207 1007 245 quoque
1037 193 1338 245 quaerentibus
1369 193 1510 232 remit-

245 269 398 310 tamus,
442 263 537 314 quis
585 261 789 301 Romanis
841 261 1001 312 primus
1053 260 1304 312 persuaserit
1358 273 1511 299 nauem

243 329 776 372 conscendere—Claudius
803 328 837 367 is
863 327 958 380 fuit,
987 327 1159 393 Caudex
1185 327 1240 366 ob
1266 327 1345 366 hoc
1372 326 1511 378 ipsum

245 397 496 451 appellatus,
518 396 619 447 quia
637 395 820 447 plurium
840 377 1084 433 tabularuin
1082 374 1330 433 contextus
1349 393 1511 432 caudex

245 469 350 517 aput
370 463 568 515 antiquos
592 466 783 508 uocatur,
801 462 913 500 unde
937 461 1130 512 publicae
1154 460 1326 499 tabulae
1350 460 1514 499 codices
1535 472 1551 506 5
1618 423 1623 501 1

245 532 458 577 dicuntur,
493 534 535 569 et
570 542 700 569 naues
741 541 852 568 nunc
893 540 1067 579 quoque
1103 540 1155 566 ex
1197 526 1375 578 antiqua
1415 539 1512 566 con·
1618 520 1623 535 λ’

245 598 481 644 suetudine,
511 609 621 648 quae
649 599 911 635 commeatus
939 607 1013 646 per
1040 594 1225 633 Tiberim
1253 594 1510 639 subuehunt,

205 675 223 712 5
245 664 479 706 codicariae
497 666 761 703 uocantur—
780 675 788 709 ;
825 675 925 701 sane
946 665 987 700 et
1008 662 1087 700 hoc
1108 661 1162 699 ad
1181 673 1269 699 rem
1288 660 1512 712 pertineat,

246 732 361 785 quod
396 730 587 771 Valerius
621 729 827 769 Coruinus
864 728 1025 780 primus
1060 729 1298 767 Messanam
1332 727 1435 766 uicit
1472 730 1513 766 et

245 800 406 852 primus
443 811 495 837 ex
535 796 696 836 familia
730 795 1005 841 Valeriorum,
1044 794 1159 833 urbis
1198 798 1349 846 captae
1389 793 1432 832 in
1472 806 1515 832 se
1539 809 1576 830 10

247 866 455 906 translato
484 864 666 910 nomine,
694 864 887 902 Messana
921 861 1158 913 appellatus
1192 865 1254 900 est
1288 860 1515 912 paulatim-

205 938 227 973 6
247 946 329 985 que
355 932 482 983 uulgo
509 934 780 983 permutante
806 929 971 968 litteras
998 928 1178 967 Messala
1203 928 1369 974 dictus;
1413 940 1515 966 num

248 1004 290 1040 et
307 1001 387 1039 hoc
402 998 602 1050 cuiquam
618 1009 764 1036 curare
780 995 1014 1048 permittes,
1033 995 1147 1045 quod
1162 994 1323 1045 primus
1340 995 1385 1033 L.
1400 994 1569 1060 §uellam

230 1067 292 1127 (in
326 1067 435 1106 circo
469 1066 609 1104 leones
643 1064 804 1103 solutos
838 1062 969 1108 dedit,
1005 1075 1102 1100 cum
1138 1061 1322 1112 alioquin
1359 1053 1524 1112 alligativ

215 1125 218 1129 ¹
249 1127 464 1179 darentur,
499 1131 554 1170 ad
584 1130 865 1170 conficiendos
897 1141 967 1168 eos
998 1128 1134 1167 missis
1167 1141 1192 1166 a
1223 1141 1316 1179 rege
1348 1128 1516 1166 Boccho
1542 1142 1576 1174 15

250 1198 586 1240 iaculatoribus?
647 1201 689 1236 et
733 1198 812 1235 hoc
855 1209 954 1235 sane
998 1195 1269 1240 remittatur;
1330 1207 1432 1233 num
1475 1198 1517 1233 et

251 1266 501 1319 Pompeium
541 1264 726 1316 primum
766 1263 809 1302 in
850 1263 959 1302 circo
1000 1262 1321 1313 elephantorum
1361 1261 1518 1300 duode-

251 1333 401 1386 uiginti
450 1344 637 1384 pugnam
682 1330 872 1376 edidisse,
920 1328 1152 1368 commissis
1204 1341 1318 1367 more
1374 1327 1518 1379 proelii

252 1401 388 1441 noxiis
423 1398 677 1445 hominibus,
713 1398 767 1436 ad
796 1397 926 1436 ullam
969 1409 1055 1434 rem
1097 1395 1254 1433 bonam
1295 1395 1515 1446 pertinet?

252 1468 446 1521 princeps
466 1465 655 1506 ciuitatis
676 1468 717 1504 et
739 1464 849 1503 inter
871 1463 1069 1514 antiquos
1090 1462 1310 1513 principes,
1335 1465 1383 1500 ut
1405 1462 1521 1500 fama
1542 1478 1581 1499 20

253 1534 444 1580 tradidit,
463 1532 669 1572 bonitatis
686 1531 864 1570 eximiae
880 1528 1151 1569 memorabile
1168 1528 1340 1580 putauit
1358 1532 1520 1580 specta-

253 1602 334 1642 culi
357 1614 488 1653 genus
511 1612 622 1639 nouo
645 1611 760 1637 more
783 1597 955 1649 perdere
978 1595 1179 1635 homines.
1206 1596 1213 1609 ‘
1235 1596 1481 1647 depugnant
1501 1595 1516 1634 ?

253 1681 404 1721 parum
433 1671 509 1706 est.
559 1664 860 1715 lancinantur?
896 1676 1047 1715 parum
1080 1666 1155 1701 est.
1222 1662 1381 1714 ingenti
1413 1661 1523 1701 mole

215 1735 501 1788 7animalium
543 1736 791 1772 exterantur
810 1731 817 1770 ἱ
839 1731 847 1744 ’
907 1729 1040 1769 satius
1081 1733 1171 1768 erat
1212 1729 1295 1768 ista
1335 1729 1378 1768 in
1420 1728 1523 1768 obli-

255 1803 424 1842 uionem
441 1801 511 1847 ire,
530 1813 582 1839 ne
597 1799 691 1851 quis
707 1802 856 1850 postea
870 1801 1022 1849 potens
1038 1796 1215 1835 disceret
1231 1795 1523 1847 inuideretque
1545 1814 1583 1847 25

256 1869 313 1909 rei
337 1868 509 1908 minime
532 1868 756 1906 humanae.
815 1877 839 1903 o
863 1867 1074 1915 quantum
1098 1862 1286 1914 caliginis
1309 1862 1524 1907 mentibus

257 1935 411 1976 nostris
442 1934 573 1974 obicit
605 1945 760 1984 magna
790 1930 995 1970 felicitas!
1056 1929 1123 1968 ille
1154 1942 1197 1969 se
1228 1941 1355 1981 supra
1386 1942 1524 1968 rerum

259 2007 457 2044 naturam
503 2013 591 2040 esse
636 2004 739 2039 tunc
785 1997 976 2044 credidit,
1023 2009 1121 2036 cum
1166 2000 1232 2035 tot
1278 1995 1525 2051 miserorum

326 2112 344 2138 6
361 2117 406 2138 ex
429 2106 584 2147 antiqua
603 2102 879 2139 consuetudine,
901 2112 995 2143 quae
1020 2100 1180 2142 Lipsius,
1206 2111 1300 2142 quae
1323 2101 1527 2142 exantiqua

260 2157 527 2191 consuetudine
544 2157 571 2187 A
663 2160 700 2187 13
723 2154 896 2195 cuiquam
914 2154 1049 2189 Gruter,
1069 2152 1268 2194 quicquam
1286 2152 1314 2182 Α
1410 2157 1449 2184 19
1473 2153 1526 2183 in-

262 2210 380 2242 noxiis
406 2210 504 2241 Gertz
