1623 2444
206 68 256 103 34
712 57 873 94 SENE
882 58 950 94 CA

206 179 318 205 nunc
348 179 528 218 quoque,
560 170 769 217 quantum
800 171 954 218 potest,
987 168 1099 206 illam
1131 182 1155 207 a
1184 182 1226 207 se
1256 170 1399 221 abigit,
1432 176 1473 209 et

204 233 247 271 in
273 237 398 272 tanta
423 234 627 272 facilitate
655 234 904 284 adquirendi
932 235 1091 273 nullum
1119 236 1320 274 maiorem
1348 250 1398 275 ex
1425 250 1474 276 ea

159 315 183 348 4
205 300 391 339 fructum
422 313 551 351 quam
582 304 877 351 contemptum
909 301 996 339 eius
1026 302 1146 352 petit.
1207 303 1384 354 eriperes
1415 304 1472 342 illi

205 367 396 406 amicos?
457 367 617 406 sciebas
653 371 743 406 tam
783 367 1006 406 amabilem
1045 382 1145 415 esse,
1184 373 1232 408 ut
1271 369 1391 409 facile
1429 370 1471 408 in

205 433 342 473 locum
379 434 627 473 amissorum
670 438 811 485 posset
857 434 959 473 alios
1002 435 1257 474 substituere
1276 448 1285 482 ;
1317 423 1470 475 sunum
1494 449 1510 482 5

205 501 315 539 enim
348 501 459 540 hunc
494 514 544 539 ex
581 501 639 539 eis
667 514 773 552 quos
802 501 842 539 in
872 501 1091 552 principali
1121 503 1246 540 domo
1275 507 1472 554 potentes

203 567 304 613 uidi,
323 567 567 619 cognouisse
583 568 740 613 uideor,
760 581 885 619 quem
903 569 1099 607 omnibus
1117 569 1298 608 amicum
1317 570 1471 608 habere

159 645 178 683 5
203 647 299 673 cum
340 635 550 686 expediat,
592 635 725 685 magis
764 639 908 673 tamen
950 635 1077 674 etiam
1118 635 1251 691 libetg.¹
1293 637 1471 687 eriperes

203 701 260 739 illi
295 701 450 740 bonam
481 701 756 753 opinionem?
818 702 988 740 solidior
1012 706 1074 741 est
1100 703 1202 741 haec
1228 703 1340 754 apud
1374 716 1470 742 eum

202 781 331 819 quam
362 772 410 807 ut
442 782 466 807 a
496 772 538 807 te
568 781 736 820 quoque
767 768 858 819 ipsa
887 769 1055 807 concuti
1085 769 1231 820 possit.
1291 770 1470 821 eriperes
1494 775 1532 810 1‘0

202 835 358 874 bonam
375 835 689 874 ualetudinem?
741 835 900 874 sciebas
919 836 1105 874 animum
1124 836 1212 875 eius
1228 836 1469 876 liberalibus

202 902 443 954 disciplinis,
469 902 623 953 quibus
646 915 730 941 non
753 902 985 941 innutritus
1009 907 1178 941 tantum
1203 903 1275 942 sed
1298 903 1470 943 innatus

203 973 278 1016 est,
299 969 357 1008 sic
375 982 462 1008 esse
480 970 707 1008 fundatum
729 973 777 1008 ut
799 982 926 1021 supra
946 970 1081 1008 omnis
1102 970 1286 1021 corporis
1307 971 1469 1010 dolores

157 1040 179 1074 6
202 1036 416 1075 emineret.
475 1037 654 1088 eriperes
669 1035 864 1087 spiritum
885 1036 899 1074 Ρ
960 1037 1214 1087 quantulum
1232 1037 1466 1076 nocuisses!

202 1103 489 1155 longissimum
527 1103 584 1142 illi
618 1103 769 1154 ingenii
808 1115 959 1142 aeuum
996 1103 1111 1142 fama
1149 1090 1370 1155 promisit;
1426 1104 1469 1143 id
1494 1122 1529 1154 15

201 1170 285 1221 egit
313 1170 414 1222 ipse,
443 1174 491 1209 ut
519 1170 689 1209 meliore
716 1170 779 1209 sui
807 1174 928 1221 parte
956 1170 1125 1209 duraret
1155 1174 1196 1208 et
1225 1171 1469 1222 compositis

201 1238 465 1292 eloquentiae
516 1237 739 1289 praeclaris
791 1236 986 1288 operibus
1038 1250 1062 1276 a
1112 1238 1374 1276 mortalitate
1426 1251 1468 1276 se

200 1290 447 1343 uindicaret.
508 1317 636 1355 quarn
682 1304 755 1342 diu
800 1303 926 1342 fuerit
971 1304 1080 1343 ullus
1124 1304 1275 1343 litteris
1321 1305 1466 1351 honor,

201 1384 330 1422 quam
361 1371 433 1410 diu
464 1371 629 1410 steterit
661 1375 734 1410 aut
766 1371 943 1412 Latinae
973 1371 1139 1422 linguae
1168 1371 1362 1422 potentia
1392 1376 1467 1410 aut

201 1438 384 1477 Graecae
415 1438 563 1489 gratia,
596 1438 755 1489 uigebit
787 1450 882 1476 cum
913 1438 1109 1476 maximis
1140 1438 1250 1484 uiris,
1286 1451 1466 1489 quorum
1488 1452 1530 1474 20

201 1518 244 1544 se
277 1505 452 1556 ingeniis
485 1505 552 1544 uel
586 1505 765 1560 contulit
800 1505 879 1551 uel,
915 1504 948 1543 si
983 1505 1060 1543 hoc
1094 1505 1347 1543 uerecundia
1380 1505 1468 1544 eius

160 1586 177 1622 7
201 1576 379 1619 recusat,
410 1572 626 1624 applicuit.
686 1572 764 1611 hoc
792 1584 887 1622 ergo
914 1584 1046 1611 unum
1074 1571 1335 1623 excogitasti,
1364 1585 1466 1623 quo-

201 1640 328 1678 modo
346 1639 531 1678 maxime
551 1639 609 1677 illi
628 1651 771 1690 posses
791 1651 938 1677 nocere
957 1650 966 1685 ;
1003 1651 1087 1689 quo
1106 1638 1252 1676 melior
1272 1643 1333 1677 est
1355 1639 1465 1677 0111111

201 1707 391 1757 quisque,
430 1707 508 1745 hoc
550 1706 716 1757 saepius
751 1705 856 1743 ferre
898 1709 940 1743 te
982 1705 1213 1751 consueuit,
1252 1705 1339 1744 sine
1380 1705 1465 1745 ullo

202 1773 358 1812 dilectu
386 1773 596 1811 furentem
625 1776 666 1811 et
695 1772 804 1811 inter
831 1772 922 1823 ipsa
949 1771 1152 1810 beneficia
1177 1772 1463 1812 metuendam.
1488 1788 1527 1822 25

202 1840 456 1891 quantulum
485 1844 574 1879 erat
602 1839 693 1886 tibi,
724 1839 955 1877 immunem
983 1838 1036 1877 ab
1067 1839 1144 1877 hac
1169 1839 1321 1878 iniuria
1348 1852 1474 1893 prae-A

202 1911 314 1946 stare
343 1920 438 1946 eum
468 1907 693 1953 hominem,
724 1906 766 1945 in
796 1918 921 1957 quem
950 1905 1177 1944 uidebatur
1204 1905 1467 1957 indulgentia

202 1974 478 2013 tua‘ratione
517 1977 632 2012 certa
669 1973 907 2025 peruenisse
945 1976 986 2011 et
1026 1985 1110 2011 non
1149 1985 1200 2011 ex
1239 1977 1314 2011 tuo
1351 1985 1467 2011 more

202 2045 359 2080 temere
386 2040 578 2079 incidisse
598 2041 604 2079 !
628 2040 636 2054 '

269 2146 286 2173 1
311 2140 428 2182 abigit
445 2141 606 2182 Iiffadvz'g,
623 2140 736 2173 abicit
749 2141 791 2178 F,
812 2139 939 2173 abiicit
954 2140 998 2177 E,
1014 2138 1149 2171 subicit
1162 2139 1196 2170 D
1267 2143 1304 2171 15
1322 2138 1467 2180 ingenia

202 2203 313 2225 euum
327 2193 509 2231 fa1na(i.e.
523 2193 643 2233 ingeni
657 2203 735 2224 aeu.
750 2193 790 2233 f.)
804 2192 953 2229 DEHG,
970 2201 1103 2223 aeuum
1116 2190 1250 2232 ingenii
1265 2191 1364 2223 fama
1375 2192 1465 2233 uolg.
