1623 2444
508 79 593 114 AD
627 78 697 114 ΡΑ
714 78 953 115 VLJNVM
1314 90 1358 124 19

90 203 156 230 me
200 188 387 228 hercules
431 172 702 239 praetereunt
747 199 876 238 quam
920 187 1099 238 fingunt,
1147 190 1189 225 et
1235 190 1360 225 tanta

90 256 396 297 incredibilium
421 255 623 293 uitiorum
654 253 776 305 copia
799 254 1012 305 ingenioso
1043 254 1086 292 in
1117 254 1196 293 hoc
1226 266 1359 292 unum

91 324 256 364 saeculo
281 322 495 374 processit,
522 325 570 360 ut
594 321 680 360 iam
704 320 931 360 mimorum
956 333 1127 372 arguere
1151 320 1360 372 possimus

91 389 410 442 neglegentiam.
470 401 557 427 esse
597 388 791 439 aliquem,
833 387 905 439 qui
943 400 1076 439 usque
1115 400 1163 426 eo
1202 387 1360 426 deliciis

55 475 71 508 5
91 457 308 508 in'Qrierin
339 460 387 494 ut
418 468 471 494 an
501 455 646 494 sedeat
676 454 796 493 alteri
825 455 996 494 credat!
1056 467 1141 493 non
1171 458 1233 493 est
1263 466 1360 506 ergo
1382 465 1403 499 9

91 524 158 564 hic
194 523 380 569 otiosus;
425 522 539 561 aliud
575 521 632 560 illi
672 534 825 561 nomen
867 521 1072 573 inponas:
1120 533 1241 572 aeger
1282 525 1358 567 est,

92 592 221 630 immo
243 593 436 628 mortuus
456 593 519 628 est
540 601 548 635 ;
586 589 652 627 ille
672 588 832 627 otiosus
852 592 927 634 est,
950 588 1016 627 cui
1037 588 1109 627 otii
1133 587 1195 627 sui
1216 600 1361 627 sensus

92 662 167 697 θεῖ.
228 657 294 695 hic
313 669 412 695 uero
432 655 673 701 semiuiuus,
695 655 761 694 cui
783 656 836 694 ad
856 655 1157 706 intellegendos
1176 654 1361 706 corporis

93 725 155 764 sui
177 724 349 762 habitus
369 723 505 762 indice
526 735 632 774 opus
653 727 728 768 θεῖ,
751 722 965 773 quomodo
986 726 1127 774 potest
1150 722 1216 761 hic
1237 721 1362 761 ullius

38 811 75 833 10
93 790 295 842 temporis
320 790 515 828 dominus
540 802 627 828 esse
646 790 661 828 Ρ

182 865 258 910 13.
318 857 516 907 Persequi
553 856 736 907 singulos
769 856 942 907 longum
975 860 1050 902 est,
1078 869 1259 907 quorum
1287 859 1361 895 aut
1388 873 1402 896 1

94 924 319 977 latrunculi
354 928 427 962 aut
461 923 547 974 pila
581 927 654 962 aut
689 923 950 974 excoquendi
984 923 1026 962 in
1060 923 1145 962 sole
1178 922 1363 975 corporis

94 1005 195 1030 cura
230 1003 523 1041 consumpsere
552 990 699 1029 uitam.
759 1003 843 1029 non
880 994 978 1029 sunt
1015 990 1151 1036 otiosi,
1182 1002 1363 1041 quorum

94 1059 339 1109 uoluptates
354 1058 536 1096 multum
558 1057 714 1108 negotii
734 1057 905 1096 habent.
961 1070 1060 1096 nam
1077 1057 1128 1096 de
1144 1057 1223 1096 illis
1239 1069 1363 1096 nemo

40 1139 75 1173 15
95 1124 310 1164 dubitabit
347 1124 449 1175 quin
485 1136 657 1175 operose
693 1124 795 1163 nihil
832 1128 973 1175 agant,
1009 1124 1081 1175 qui
1125 1124 1363 1163 litterarum

95 1191 309 1230 inutilium
330 1191 481 1230 studiis
503 1191 759 1237 detinentur,
783 1204 891 1242 quae
913 1191 997 1229 iam
1020 1194 1124 1242 aput
1148 1192 1364 1230 Romanos

95 1271 264 1310 quoque
288 1271 442 1309 magna
473 1271 623 1296 manus
654 1262 729 1296 est.
790 1258 1045 1296 Graecorum
1079 1257 1158 1297 iste
1190 1258 1364 1298 morbus
1387 1273 1404 1296 2

95 1325 189 1371 fuit,
243 1337 454 1376 quaerere,
511 1337 637 1375 quem
690 1337 912 1364 numerum
965 1325 1107 1364 Vlixes
1158 1325 1363 1377 remigum

96 1392 326 1437 habuisset,
355 1391 468 1443 prior
494 1391 652 1442 scripta
678 1395 786 1431 esset
815 1391 913 1430 Ilias
941 1405 994 1430 an
1021 1391 1215 1443 Odyssia,
1244 1404 1363 1443 prae-

38 1470 79 1492 20
96 1463 211 1498 terea
236 1472 289 1497 an
314 1458 500 1497 eiusdem
525 1462 663 1497 essent
689 1458 884 1503 auctoris,
913 1458 994 1497 alia
1018 1458 1214 1510 deinceps
1238 1458 1363 1498 huius

96 1529 235 1571 notae,
253 1538 376 1576 quae,
393 1525 480 1564 siue
500 1525 730 1571 contineas,
748 1525 850 1564 nihil
870 1525 1047 1564 tacitam
1062 1526 1363 1565 conscientiam

97 1592 259 1637 iuuant,
270 1592 357 1631 siue
371 1592 571 1643 proferas,
583 1605 667 1630 non
677 1591 840 1631 doctior
849 1592 1030 1631 uidearis
1045 1592 1118 1631 sed
1133 1592 1360 1632 molestior.

96 1672 189 1698 ecce
220 1660 436 1698 Romanos
464 1671 633 1710 quoque
662 1658 818 1698 inuasit
848 1659 972 1698 inane
1001 1659 1191 1698 studium
1220 1672 1363 1711 super·
1384 1677 1405 1712 3

96 1739 233 1765 uacua
242 1725 443 1764 discendi.
476 1725 540 1764 his
555 1725 703 1765 diebus
714 1725 858 1765 audiui
873 1726 1087 1777 quendam
1097 1727 1360 1773 referentem,

39 1804 78 1836 25
97 1806 206 1843 quae
237 1792 397 1844 primus
428 1792 606 1843 quisque
638 1806 689 1831 ex
722 1793 925 1832 Romanis
957 1792 1134 1832 ducibus
1166 1793 1360 1833 fecisset:

97 1859 257 1910 primus
293 1859 434 1898 nauali
470 1859 626 1910 proelio
663 1859 829 1899 Duilius
864 1859 980 1906 uicit,
1018 1860 1179 1912 primus
1214 1859 1363 1900 Curius

98 1926 311 1965 Dentatus
338 1926 380 1964 in
408 1925 623 1977 triumpho
650 1926 773 1965 duxit
801 1926 1058 1978 elephantos.
1119 1927 1363 1966 etiamnunc

97 1992 192 2039 ista,
211 1993 289 2032 etsi
308 1993 362 2031 ad
378 2005 523 2031 ueram
539 1993 714 2044 gloriam
732 2006 816 2032 non
833 1993 1030 2039 tendunt,
1049 1993 1159 2033 circa
1175 1993 1362 2033 ciuilium

97 2062 241 2098 tamen
260 2072 434 2110 operum
454 2060 647 2110 exempla
665 2064 888 2099 uersantur
908 2072 914 2098 :
952 2073 1037 2099 non
1056 2065 1118 2099 est
1138 2061 1363 2114 protutura

39 2138 80 2169 30
97 2125 194 2165 talis
231 2126 417 2172 scientia,
457 2130 519 2164 est
558 2130 701 2165 tamen
739 2140 847 2177 quae
886 2139 961 2165 nos
998 2127 1186 2178 speciosa
1223 2141 1361 2166 rerum

233 2215 251 2242 9
277 2211 335 2242 hic
353 2212 483 2242 delebat
499 2212 650 2253 Lipsius
743 2216 781 2244 20
799 2214 921 2244 essent
937 2212 1046 2249 Gertz,
1066 2215 1162 2244 esset
1178 2212 1207 2242 Α

1162 2277 1258 2302 2--2
