1623 2444
152 921 165 944 1

488 449 534 489 L.
580 449 829 489 ANNAEI
878 449 1174 489 SENECAE

322 569 878 622 DIALOGORVM
943 570 1198 621 LIBER
1256 570 1340 621 XI

622 686 697 721 AD
742 686 1033 723 POLYBIVM

591 790 653 820 DE
686 789 1031 821 CONSOLATION
1041 789 1068 819 E

276 910 318 943 1.
382 903 506 941 Vrbes
549 916 595 941 ac
630 907 892 942 monumenta
931 917 1028 942 saxo
1068 908 1230 967 structa,
1272 904 1310 943 si
1353 904 1463 943 uitae

192 973 360 1009 nostrae
397 982 626 1021 compares,
664 970 786 1008 firma
822 974 949 1015 sunt;
1004 970 1035 1021 si
1053 962 1238 1026 ‚redlgas
1274 971 1328 1010 ad
1365 984 1462 1010 con-

191 1036 399 1075 dicionem
430 1041 620 1083 naturae
654 1037 797 1075 omnia
827 1019 1083 1076 dest1uentis
1114 1042 1155 1076 et
1186 1038 1298 1076 unde
1329 1038 1459 1077 edidit

191 1104 338 1142 eodem
355 1104 605 1149 reuocantis,
625 1104 785 1142 caduca
802 1108 913 1143 sunt.
973 1104 1076 1155 quid
1093 1105 1203 1143 enirn
1221 1104 1461 1144 immortale

190 1184 341 1210 manus
372 1171 570 1210 mortales
604 1171 828 1210 iecerunt?
889 1175 1051 1222 septem
1083 1171 1154 1210 illa
1184 1171 1386 1210 miracula
1418 1175 1460 1211 et
1485 1183 1497 1216 3

190 1238 223 1277 si
260 1251 346 1289 qua
381 1238 445 1277 his
480 1238 616 1277 multo
653 1238 910 1276 mirabiliora
946 1238 1213 1289 sequentium
1251 1251 1458 1277 annorum

190 1305 378 1344 extruxit
417 1305 607 1350 ambitio,
646 1304 873 1356 aliquando
910 1305 997 1344 solo
1034 1309 1217 1356 aequata
1253 1305 1455 1345 uisentur.

190 1372 251 1411 ita
295 1376 385 1411 est:
447 1372 549 1411 nihil
592 1376 858 1423 perpetuum,
904 1385 1040 1423 pauca
1083 1372 1284 1411 diuturna
1328 1376 1456 1418 sunt;

190 1439 303 1478 aliud
334 1439 414 1478 alio
444 1439 571 1478 modo
602 1439 746 1490 fragile
777 1443 853 1485 est,
885 1452 1023 1477 rerum
1054 1439 1192 1478 exitus
1222 1439 1454 1483 uariantur,

187 1510 373 1545 ceterum
399 1506 601 1557 quicquid
626 1506 777 1557 coepit,
800 1510 841 1544 et
870 1506 1035 1544 desinit.
1094 1506 1254 1545 mundo
1281 1506 1456 1557 quidam
1480 1521 1518 1543 10

187 1573 405 1612 minantur
433 1573 666 1619 interitum,
699 1577 741 1612 et
772 1574 850 1612 hoc
880 1573 1136 1619 uniuersum,
1169 1573 1283 1623 quod
1313 1573 1456 1612 omnia

187 1640 332 1680 diuina
355 1641 626 1691 humanaque
648 1640 957 1691 complectitur,
982 1640 1015 1678 si
1039 1640 1102 1678 fas
1125 1644 1252 1691 putas
1275 1640 1454 1686 credere,

186 1707 274 1747 dies
294 1707 444 1759 aliquis
465 1707 686 1759 dissipabit
708 1711 749 1746 et
766 1707 808 1746 in
829 1707 1117 1746 confusionem
1133 1710 1319 1746 ueterem
1340 1711 1457 1746 tene-
1503 1738 1506 1740 Α

185 1774 366 1826 brasque
387 1775 600 1826 demerget
621 1786 627 1813 :
667 1779 735 1813 eat
757 1787 869 1814 nunc
890 1774 1041 1825 aliquis
1061 1777 1102 1812 et
1132 1774 1316 1825 singulas
1344 1786 1456 1813 com-

185 1842 321 1893 ploret
343 1842 518 1888 animas,
539 1841 815 1893 Karthaginis
837 1854 884 1880 ac
900 1841 1160 1880 Numantiae
1181 1841 1456 1892 Corinthique
1480 1853 1515 1886 15

185 1909 366 1948 cinerem
405 1912 447 1948 et
486 1908 519 1948 si
559 1908 662 1960 quid
701 1908 815 1947 aliud
848 1908 975 1947 altius
1001 1908 1151 1947 cecidit
1184 1908 1454 1954 lamentetur,

185 1989 282 2015 cum
304 1976 433 2015 etiam
455 1976 546 2022 hoc,
570 1975 686 2027 quod
707 1988 791 2014 non
814 1974 943 2014 habet
965 1988 1050 2025 quo
1073 1975 1292 2033 ka‘lfltmsslt
1313 1974 1456 2014 interi-

185 2044 355 2082 turum!
417 2046 486 2082 eat
515 2042 665 2093 aliquis
693 2046 734 2081 et
763 2042 854 2080 fata
880 2045 1053 2081 tanturn
1082 2037 1310 2092 aliquando
1338 2041 1456 2099 nefas

1600 1517 1602 1573 l

1599 1577 1601 1612 ἐ

253 2151 270 2178 1
297 2147 506 2179 sententiam
531 2157 695 2178 mancam
722 2146 772 2177 sic
797 2146 909 2187 explet
932 2145 1032 2177 Gertz
1129 2151 1147 2177 5
1172 2145 1340 2177 fecerunt
1365 2146 1451 2182 HV,

185 2199 339 2231 fecerint
356 2201 384 2231 O
479 2203 518 2233 10
536 2198 671 2232 desinit
688 2199 728 2230 O.
749 2198 892 2230 desinet
909 2199 942 2229 F
