1623 2444
554 63 641 99 AD
669 63 784 101 POL
800 63 997 99 YBJVM
1358 77 1408 113 49

139 186 215 213 nec
245 173 409 219 dubito,
442 185 539 212 cum
571 176 696 212 tanta
725 172 783 211 illi
816 173 1017 212 aduersus
1048 187 1194 213 omnes
1225 188 1322 214 suos
1353 175 1408 214 sit

140 228 423 279 mansuetudo
458 244 665 290 tantaque
698 239 973 290 indulgentia,
1009 241 1111 292 quin
1144 241 1229 280 iam
1262 242 1408 281 multis

138 306 302 346 solaciis
342 311 464 346 tuum
504 306 619 345 istud
658 307 812 345 uulnus
840 296 1089 369 obduxerit,
1131 308 1215 346 iam
1255 309 1404 354 multa,

138 387 247 425 quae
272 373 404 412 dolori
429 373 649 412 obstarent
675 377 763 420 tuo,
791 373 1055 425 congesserit.
1115 375 1218 426 quid
1242 388 1366 426 porro
1387 376 1402 414 ?

102 454 118 487 5
138 444 186 480 ut
207 440 309 480 nihil
329 441 478 479 horum
498 440 655 487 fecerit,
678 453 816 479 nonne
835 441 1057 492 protinus'
1048 455 1136 492 ipse
1156 446 1406 494 conspectus

137 519 211 559 per
254 520 296 546 se
340 507 640 546 tantummodo
684 507 979 558 cogitatusque
1023 509 1175 547 Caesar
1217 509 1421 565 maximo

137 573 290 613 solacio
321 574 398 613 tibi
429 574 526 613 est?
588 574 645 612 dii
675 574 794 613 illum
824 574 1010 626 deaeque
1041 576 1161 614 terris
1191 576 1263 615 diu
1293 577 1445 626 com—'5

136 641 311 680 modent
332 641 338 680 1
399 645 495 680 acta
512 641 578 679 hic
595 640 681 680 diui
697 641 877 692 Augusti
896 646 1060 692 aequet,
1081 655 1213 681 annos
1228 643 1373 682 uincat
1394 644 1400 682 l

137 720 266 759 quam
305 708 377 746 diu
415 708 524 746 inter
561 708 761 746 mortales
800 708 890 754 erit,
932 709 1034 747 nihil
1073 722 1125 747 ex
1163 710 1289 748 domo
1327 723 1404 749 sua

82 792 119 814 10
136 774 315 813 mortale
361 787 448 813 esse
494 774 676 813 sentiat!
736 779 940 814 rectorem
988 777 1181 815 Romano
1228 777 1402 828 imperio

136 841 269 880 filium
300 841 425 893 longa
456 841 538 880 fide
570 841 776 893 approbet
809 846 850 880 et
884 846 982 881 ante
1014 843 1132 881 illum
1165 848 1403 883 consortem

136 908 269 959 patris
289 921 417 959 quam
439 921 717 947 successorem
739 909 915 960 aspiciat
936 910 942 948 1
1003 923 1094 948 sera
1114 914 1155 949 et
1178 911 1403 962 nepotibus

137 975 308 1027 demum
330 975 484 1014 nostris
505 975 592 1014 dies
613 979 716 1014 nota
736 975 803 1022 sit,
827 989 912 1027 qua
933 976 1049 1015 illum
1071 990 1171 1028 gens
1192 991 1268 1017 sua
1288 978 1402 1017 caelo

138 1031 295 1096 asserat
316 1042 322 1081 1

82 1128 117 1162 15
186 1096 189 1097 ⁷
222 1116 294 1162 13.
354 1108 531 1147 Abstine
562 1109 614 1147 ab
651 1109 728 1147 hoc
765 1122 916 1149 manus
942 1114 1049 1156 tuas,
1088 1112 1289 1158 Fortuna,
1328 1125 1403 1151 nec
1429 1127 1440 1149 1

136 1174 179 1214 in
220 1175 301 1214 isto
343 1175 580 1227 potentiam
615 1180 735 1214 tuam
770 1176 847 1215 nisi
882 1190 931 1215 ea
963 1181 1085 1228 parte
1118 1191 1204 1229 qua
1236 1179 1400 1230 prodes,

136 1242 393 1281 ostenderis!
453 1246 598 1294 patere
638 1243 756 1281 illum
796 1243 934 1292 generi
976 1245 1161 1284 humano
1202 1245 1287 1284 iam
1328 1246 1401 1285 diu

136 1321 259 1360 aegro
283 1314 324 1348 et
350 1310 517 1348 adfecto
541 1310 710 1359 mederi,
733 1314 879 1361 patere
897 1310 1099 1362 quicquid
1117 1312 1267 1363 prioris
1290 1313 1402 1364 prin-

135 1375 239 1427 cipis
276 1376 391 1415 furor
428 1357 685 1416 concussit}
676 1390 719 1415 in
757 1390 880 1415 suum
918 1371 1064 1441 locum
1094 1379 1316 1418 restituere
1354 1393 1402 1419 ac

76 1458 117 1480 20
135 1455 360 1494 reponere
353 1444 359 1472 l
420 1443 534 1482 sidus
550 1443 640 1489 hoc,
659 1444 773 1494 quod
788 1428 1068 1496 praecipitato
1084 1445 1127 1484 in
1141 1446 1401 1497 profundum

135 1513 177 1548 et
206 1509 395 1548 demerso
423 1509 466 1548 in
494 1476 1011 1563 tenebrasjorbisrefulsin
1042 1525 1206 1564 semper
1232 1513 1398 1553 luceat!

136 1575 202 1615 hic
216 1576 485 1616 Germaniam
499 1580 636 1628 pacet,
652 1577 920 1616 Britanniam
935 1579 1095 1630 aperiat
1116 1580 1123 1618 Ι
1183 1583 1224 1619 et
1240 1579 1400 1632 patrios
1424 1595 1441 1618 2

134 1642 372 1695 triumphos
419 1644 547 1682 ducat
595 1647 636 1682 et
678 1645 837 1683 nouos!
897 1658 1077 1696 quorum
1124 1659 1191 1685 me
1232 1658 1420 1699 quoque?

134 1713 417 1761 spectatorem
453 1710 659 1756 futurum,
697 1723 805 1762 quae
841 1724 892 1750 ex
928 1712 1160 1752 uirtutibus
1195 1713 1283 1753 eius
1318 1714 1400 1766 pri-

76 1790 114 1824 25
133 1789 252 1815 mum
278 1776 443 1828 optinet
469 1776 621 1823 locum,
649 1778 864 1828 promittit
891 1778 1125 1819 clementia.
1185 1793 1261 1820 nec
1288 1781 1400 1820 enim

134 1842 192 1882 sic
233 1856 300 1882 me
344 1843 493 1882 deiecit
535 1848 582 1882 ut
621 1844 749 1883 nollet
787 1844 953 1896 erigere,
992 1846 1121 1885 immo
1160 1860 1211 1886 ne
1249 1848 1399 1887 deiecit

134 1909 306 1960 quidem
322 1910 396 1949 sed
411 1910 639 1961 impulsum
657 1924 682 1949 a
698 1910 869 1951 fortuna
886 1916 926 1951 et
945 1913 1166 1952 cadentem
1183 1915 1397 1961 sustinuit,

135 1980 177 2015 et
212 1976 254 2016 in
288 1990 488 2029 praeceps
522 1980 693 2016 euntem
726 1978 878 2017 leniter
911 1979 1079 2019 diuinae
1113 1982 1266 2021 mansis
1299 1995 1400 2021 usus

201 2092 219 2118 3
243 2087 317 2119 iam
340 2088 459 2119 multa
482 2088 668 2125 Schultess,
695 2089 837 2121 monita
861 2092 980 2122 multa
1002 2092 1110 2130 Gertz,
1135 2103 1209 2125 non
1232 2094 1350 2126 multa
1371 2095 1399 2126 Ο

135 2143 172 2170 12
196 2140 417 2181 aspiciamus
435 2140 551 2172 Gertz:
577 2141 636 2172 sed
651 2145 796 2183 propter
809 2153 972 2175 numeros
991 2145 1109 2176 dubito
1228 2150 1267 2177 22
1292 2149 1403 2188 pacet

134 2191 238 2232 uolg„
258 2192 380 2233 placet
397 2192 425 2223 Ο

238 2268 278 2293 D.
299 2268 333 2294 S.
871 2260 875 2263 ’
1276 2276 1299 2310 4
