1623 2444
525 48 610 83 AD
640 48 713 84 ΡΑ
731 47 968 83 VLJNJCW
1333 56 1376 92 15

110 158 336 209 concupiit,
365 157 543 208 superbe
570 155 839 207 contempsit,
868 155 1110 206 inpotenter
1137 155 1252 201 uicit,
1282 155 1379 193 insi-

111 225 433 275 diose-decepit,
468 236 594 262 auare
625 223 779 274 rapuit,
813 222 985 273 prodige
1016 222 1179 268 effudit,
1213 234 1379 260 necesse

111 295 173 330 est
211 291 457 330 memoriam
496 303 617 329 suam
656 290 817 328 timeat.
879 289 997 340 atqui
1037 289 1140 327 haec
1179 293 1241 327 est
1280 301 1379 340 pars

111 358 313 409 temporis
348 357 480 397 nostri
516 370 635 396 sacra
671 370 717 395 ac
753 355 960 401 dedicata,
999 355 1135 394 omnis
1170 356 1378 394 humanos

73 438 90 471 5
111 438 232 464 casus
262 437 538 476 supergressa,
571 428 692 462 extra
722 435 896 474 regnum
926 423 1122 461 fortunae
1152 422 1375 467 subducta,
1416 436 1419 469 1
1514 410 1520 419 ⁷

109 504 239 543 quam
281 504 365 530 non
405 491 560 542 inopia,
597 503 681 529 non
722 494 873 535 metus,
910 502 994 528 non
1032 489 1276 528 morborum
1317 488 1378 528 in-

110 571 255 598 cursus
283 558 468 609 exagitet
489 570 497 603 ;
543 558 646 596 haec
675 556 940 612 necturbari
970 569 1046 595 nec
1074 556 1176 607 eripi
1204 559 1375 608 potest:

110 629 316 676 perpetua
361 625 448 664 eius
495 628 536 663 et
583 614 797 674 intrepida
840 623 1044 674 possessio
1091 628 1167 662 est.
1226 622 1377 674 singuli

110 695 282 732 tanturn
315 692 415 738 dies,
451 695 492 730 et
526 691 568 729 hi
602 703 675 741 per
708 694 937 736 momenta,
972 694 1214 741 praesentes
1247 693 1376 735 sunt;

55 770 92 794 10
111 763 155 799 at
206 758 421 811 praeteriti
469 757 670 809 temporis
725 770 881 803 omnes,
929 770 1026 795 cum
1071 756 1250 803 iusseris,
1299 756 1377 795 tibi

112 827 303 871 aderunt,
343 826 397 864 ad
434 825 655 864 arbitrium
692 829 815 863 tuum
852 823 999 875 inspici
1037 837 1079 863 se
1116 837 1164 863 ac
1200 823 1377 862 detineri

110 893 340 946 patientur,
365 892 481 943 quod
504 892 639 930 tacere
663 891 880 942 occupatis
903 903 987 929 non
1010 895 1149 930 uacat.
1210 903 1379 930 securae
1401 904 1419 941 5

111 965 153 1000 et
188 960 357 1012 quietae
392 959 546 998 mentis
581 962 657 1004 est,
695 957 737 996 in
772 971 917 997 omnes
951 958 1067 997 uitae
1101 970 1202 997 suae
1236 961 1379 1009 partes

111 1027 340 1067 discurrere
361 1038 368 1065 :
410 1029 714 1077 occupatorum
741 1025 881 1070 animi,
909 1025 1027 1064 uelut
1053 1025 1131 1064 sub
1157 1024 1254 1076 iugo
1279 1024 1376 1070 sint,

55 1107 90 1140 15
111 1095 278 1133 flectere
301 1107 344 1133 se
368 1106 416 1132 ac
439 1092 641 1144 respicere
665 1105 750 1130 non
773 1096 963 1143 possunt.
1024 1091 1113 1130 abit
1138 1091 1266 1143 igitur
1288 1091 1380 1130 uita

112 1174 256 1200 eorum
280 1161 323 1200 in
340 1160 600 1215 profundum
618 1171 627 1205 ;
658 1162 713 1205 et,
733 1163 781 1198 ut
802 1159 904 1197 nihil
923 1159 1108 1210 prodest,
1130 1158 1226 1197 licet
1247 1171 1381 1210 quan—

112 1228 309 1267 tumlibet
350 1214 525 1280 ingeras,
569 1226 602 1265 si
643 1239 727 1264 non
767 1226 911 1265 subest
952 1226 1067 1276 quod
1108 1225 1291 1277 excipiat
1333 1238 1381 1264 ac

112 1299 263 1341 seruet,
302 1293 519 1333 sic—nihil
555 1293 680 1331 refert
717 1297 928 1343 quantum
964 1292 1166 1344 temporis
1202 1293 1382 1331 detur-—

112 1362 146 1401 si
191 1374 275 1401 non
321 1365 383 1400 est
428 1360 501 1399 ubi
547 1360 751 1405 subsidat,
798 1373 873 1411 per
916 1372 1092 1410 quassos
1137 1360 1381 1410 foratosque

53 1443 94 1465 20
113 1428 275 1468 animos
300 1426 618 1467 transmittitur.
671 1439 868 1478 praesens
892 1431 1061 1478 tempus
1084 1418 1381 1465 breuissimum
1404 1428 1425 1463 6

114 1499 190 1542 est,
227 1496 331 1534 adeo
373 1494 545 1546 quidem
583 1498 631 1532 ut
665 1493 921 1544 quibusdam
960 1493 1123 1533 nullum
1155 1493 1353 1533 uideatur
1370 1505 1380 1540 ;

114 1562 157 1602 in
177 1575 301 1602 cursu
321 1562 432 1600 enim
452 1573 616 1612 semper
636 1565 711 1606 est,
734 1560 827 1599 fluit
849 1565 890 1599 et
911 1560 1217 1612 praecipitatur
1234 1573 1244 1607 ,·
1282 1564 1382 1599 ante

114 1629 267 1669 desinit
301 1641 388 1668 esse
421 1641 551 1679 quam
583 1627 713 1673 uenit,
749 1640 824 1666 nec
857 1627 990 1679 magis
1022 1640 1185 1666 moram
1217 1627 1382 1679 patitur

114 1709 244 1747 quarn
268 1684 452 1734 mundus
477 1699 550 1733 aut
576 1694 725 1740 sidera,
753 1707 934 1745 quorum
958 1694 1195 1745 inrequieta
1218 1706 1382 1746 semper

56 1775 93 1809 25
115 1762 292 1814 agitatio
322 1774 542 1813 nunquam
571 1761 614 1799 in
645 1761 792 1800 eodem
821 1761 1003 1813 uestigio
1029 1765 1187 1800 manet.
1246 1761 1383 1800 solum

114 1829 242 1881 igitur
271 1830 326 1868 ad
355 1832 584 1879 occupatos
613 1840 810 1878 praesens
839 1828 1023 1879 pertinet
1053 1834 1235 1879 tempus,
1268 1828 1384 1879 quod

114 1900 204 1936 tam
229 1896 357 1936 breue
383 1900 446 1935 est
471 1898 520 1934 ut
548 1894 673 1946 arripi
699 1907 784 1934 non
809 1895 955 1946 possit,
984 1899 1025 1934 et
1058 1895 1102 1934 id
1132 1895 1272 1947 ipsum
1305 1894 1385 1933 iHis

115 1963 317 2002 districtis
350 1963 393 2001 in
428 1952 580 2010 multa}
598 1961 860 2001 subducitur.

201 2038 276 2071 11.
335 2029 528 2080 Denique
558 2029 622 2068 uis
653 2029 755 2068 scire
793 2042 923 2080 quam
960 2041 1045 2067 non
1083 2029 1156 2068 diu
1192 2028 1379 2067 uiuant?
1410 2036 1424 2059 1

58 2114 98 2145 30
116 2096 213 2136 uide
239 2110 369 2148 quam
395 2096 568 2147 cupiant
596 2096 669 2135 diu
694 2095 849 2135 uiuere.
909 2095 1110 2147 decrepiti
1136 2108 1255 2134 senes
1280 2107 1383 2146 pau-

421 2181 460 2208 10
476 2175 632 2213 iusseris,
652 2175 722 2208 tibi
739 2176 847 2213 Gertz,
867 2175 1046 2208 iusseritis
1062 2176 1091 2207 A
