1623 2444
206 59 256 102 48
722 59 962 96 SENECA

205 171 383 217 quaerat
419 168 634 218 quomodo
670 172 759 206 tam
795 168 972 219 grandia
1007 172 1182 219 tamque
1218 169 1353 208 solida
1389 174 1479 209 tam

205 234 363 286 fragilis
390 234 555 273 animus
581 235 831 285 conceperit.

164 321 178 344 1
289 309 364 342 12.
425 301 572 340 Potius
605 301 658 340 ab
692 301 783 340 istis
815 306 870 347 te,
905 314 1014 352 quae
1047 305 1261 353 torquent,
1290 303 1344 341 ad
1376 303 1479 342 haec

203 371 270 406 tot
305 372 346 406 et
382 372 507 407 tanta
540 381 649 419 quae
678 368 951 407 consolantur
979 373 1201 415 conuerte;
1245 383 1292 408 ac
1322 370 1479 422 respice

202 434 387 486 optimos
414 435 578 481 fratres,
607 435 765 487 respice
791 448 980 481 uxorem,
1009 436 1142 474 filium
1170 437 1355 488 respice:
1399 450 1476 489 pro
1497 447 1515 480 5

202 502 392 541 omnium
427 503 577 541 horum
612 503 748 541 salute
778 503 857 541 hac
890 507 1031 541 tecum
1061 503 1256 554 portione
1286 504 1477 543 Fortuna

202 569 370 608 decidit.
430 569 588 608 multos
630 569 772 615 habes,
816 570 859 608 in
901 570 1056 620 quibus
1099 570 1358 621 adquiescas.
1418 571 1472 610 ab

202 636 280 675 hac
316 640 359 675 te
394 636 571 675 infamia
605 636 788 682 uindica,
827 650 879 675 ne
914 636 1113 675 uideatur
1148 637 1345 676 omnibus
1380 638 1474 689 plus

201 703 316 754 apud
351 707 393 742 te
429 703 568 742 ualere
603 717 716 742 unus
752 704 870 742 dolor
905 717 1034 754 quam
1072 704 1174 742 haec
1211 708 1300 742 tarn
1335 705 1473 744 multa

159 770 177 807 ⁴2
201 770 366 809 solacia.
437 770 573 809 omnis
601 770 704 809 istos
731 784 816 809 una
843 775 985 809 tecum
1012 771 1225 822 perculsos
1252 771 1371 810 uides
1398 785 1474 811 nec
1497 787 1535 810 10

199 850 321 888 posse
365 837 443 876 tibi
483 837 719 887 subuenire,
760 838 890 876 immo
929 838 1058 876 etiarn
1098 838 1210 876 ultro
1249 842 1473 890 expectare

199 908 247 943 ut
271 918 295 943 a
316 909 359 943 te
381 904 668 950 suffleuentur,
692 905 898 956 intellegis
918 917 926 951 ;
967 909 1007 943 et
1031 905 1125 943 ideo
1147 909 1309 956 quanto
1331 905 1471 945 minus

198 971 241 1010 in
273 971 352 1010 illis
383 972 601 1011 doctrinae
631 971 855 1023 minusque
886 972 1039 1023 ingenii
1072 975 1148 1018 est,
1182 976 1306 1011 tanto
1336 972 1471 1024 magis

198 1038 401 1077 obsistere
433 1043 476 1078 te
507 1052 674 1078 necesse
706 1043 768 1077 est
800 1039 1014 1078 communi
1045 1039 1169 1077 malo.
1230 1043 1293 1078 est
1326 1043 1470 1078 autem

198 1106 277 1144 hoc
308 1106 448 1157 ipsum
481 1106 622 1145 solacii
654 1106 758 1151 loco,
793 1106 902 1144 inter
934 1106 1091 1144 multos
1125 1106 1312 1145 dolorem
1346 1119 1470 1146 suum
1493 1118 1528 1152 15

198 1173 413 1219 diuidere;
463 1173 535 1224 qui
568 1173 669 1224 quia
697 1172 966 1224 dispensatur
998 1173 1108 1211 inter
1139 1173 1291 1224 plures,
1319 1174 1471 1225 exigua

155 1248 175 1283 3
197 1240 323 1279 debet
349 1240 465 1292 apud
488 1244 531 1278 te
554 1244 677 1292 parte
701 1239 928 1279 subsidere.
987 1252 1071 1278 non
1097 1239 1286 1279 desinam
1311 1241 1469 1279 totiens

197 1307 275 1345 tibi
323 1307 471 1346 offerre
519 1307 751 1346 Caesarem.
832 1307 901 1345 illo
949 1307 1196 1346 moderante
1244 1312 1378 1346 terras
1426 1312 1468 1346 et

196 1374 448 1413 ostendente
483 1378 646 1425 quanto
682 1373 831 1413 melius
867 1373 1079 1412 beneficiis
1115 1373 1339 1425 imperium
1377 1387 1468 1413 cus-

195 1441 386 1480 todiatur
408 1454 538 1492 quam
562 1441 701 1487 armis,
727 1441 796 1479 illo
820 1440 944 1479 rebus
967 1441 1163 1479 humanis
1185 1442 1466 1493 praesidente,
1488 1460 1530 1482 20

196 1521 280 1547 non
306 1512 368 1547 est
394 1508 626 1560 periculum
652 1521 703 1547 ne
728 1508 831 1559 quid
863 1508 1093 1559 perdidisse
1129 1513 1171 1547 te
1200 1509 1358 1548 sentias
1377 1521 1386 1556 ;
1425 1509 1467 1547 in

196 1576 275 1614 hoc
295 1589 380 1614 uno
402 1575 480 1614 tibi
502 1575 606 1615 satis
626 1575 835 1627 praesidii,
859 1574 1000 1614 solacii
1022 1578 1098 1614 est.
1150 1576 1297 1614 attolle
1313 1579 1380 1623 te;
1409 1580 1465 1623 et,

195 1643 393 1693 quotiens
434 1643 631 1681 lacrimae
674 1641 949 1681 suboriuntur
991 1642 1122 1681 oculis
1165 1642 1263 1690 tuis,
1308 1644 1467 1683 totiens

196 1709 287 1748 illos
327 1710 370 1748 in
410 1710 630 1749 Caesarem
671 1709 837 1759 derige:
896 1709 1167 1748 siccabuntur
1207 1710 1382 1749 maximi
1423 1714 1465 1749 et

196 1776 411 1816 clarissimi
452 1780 682 1828 conspectu
720 1775 931 1822 numinis;
973 1776 1109 1827 fulgor
1147 1776 1235 1815 eius
1273 1777 1377 1824 illos,
1417 1781 1466 1817 ut
1486 1789 1525 1821 25

197 1844 299 1882 nihil
340 1843 454 1882 aliud
494 1843 656 1895 possint
698 1843 893 1894 aspicere,
936 1844 1216 1897 praestringet
1257 1848 1299 1882 et
1340 1844 1382 1883 in
1422 1857 1466 1883 se

153 1911 417 1958 4haerentes
454 1910 674 1949 detinebit.
733 1909 800 1948 hic
838 1909 929 1956 tibi,
969 1923 1095 1961 quem
1133 1915 1181 1949 tu
1219 1910 1367 1950 diebus
1404 1911 1465 1950 in-

195 1977 326 2016 tueris
355 1990 403 2016 ac
432 1978 640 2023 noctibus,
673 1990 697 2015 a
725 1989 809 2028 quo
839 1989 1073 2027 numquam
1103 1977 1231 2017 deicis
1260 1978 1463 2025 animum,

194 2045 446 2096 cogitandus
490 2048 565 2091 est,
612 2044 679 2082 hic
722 2047 871 2082 contra
914 2044 1131 2083 fortunam
1176 2037 1462 2085 aduocandus.

262 2136 280 2163 8
305 2132 476 2163 omnibus
493 2132 533 2168 Ο,
550 2131 761 2163 hominibus
778 2131 876 2162 Gertz
968 2136 1007 2162 20
1032 2132 1263 2173 praesidente
1276 2133 1462 2170 Erasmus,

196 2184 361 2226 praeside
379 2184 419 2221 Ο,
440 2184 594 2225 presidie
611 2184 643 2214 E
735 2187 775 2213 24
799 2183 912 2224 dirige
930 2184 970 2221 Ο,
990 2184 1144 2225 dirigere
1161 2184 1195 2215 D
1210 2194 1216 2215 :
1244 2194 1331 2216 corr.
1349 2184 1449 2217 Gertz
