<?xml version="1.0" encoding="UTF-8"?>
<!DOCTYPE html PUBLIC "-//W3C//DTD XHTML 1.0 Transitional//EN"
    "http://www.w3.org/TR/xhtml1/DTD/xhtml1-transitional.dtd">
<html xmlns="http://www.w3.org/1999/xhtml" xml:lang="en" lang="en">
 <head>
  <title>
</title>
<meta http-equiv="Content-Type" content="text/html;charset=utf-8" />
  <meta name='ocr-system' content='tesseract 3.04.00' />
  <meta name='ocr-capabilities' content='ocr_page ocr_carea ocr_par ocr_line ocrx_word'/>
</head>
<body>
  <div class='ocr_page' id='page_1' title='image "./dialogorumliberx00seneuoft_0104.png"; bbox 0 0 1623 2444; ppageno 0'>
   <div class='ocr_carea' id='block_1_1' title="bbox 180 55 928 101">
    <p class='ocr_par' dir='ltr' id='par_1_1' title="bbox 180 55 928 101">
     <span class='ocr_line' id='line_1_1' title="bbox 180 55 928 101; baseline 0.004 -12"><span class='ocrx_word' id='word_1_1' title='bbox 180 55 229 101; x_wconf 74' lang='lat'>36</span> <span class='ocrx_word' id='word_1_2' title='bbox 688 55 852 92; x_wconf 55' lang='lat' dir='ltr'>sENE</span> <span class='ocrx_word' id='word_1_3' title='bbox 861 55 928 92; x_wconf 83' lang='lat' dir='ltr'>CA</span> 
     </span>
    </p>
   </div>
   <div class='ocr_carea' id='block_1_2' title="bbox 143 147 1517 2090">
    <p class='ocr_par' dir='ltr' id='par_1_2' title="bbox 178 147 1486 750">
     <span class='ocr_line' id='line_1_2' title="bbox 180 147 1448 216; baseline 0.002 -14"><span class='ocrx_word' id='word_1_4' title='bbox 180 165 281 203; x_wconf 89' lang='lat' dir='ltr'>nihil</span> <span class='ocrx_word' id='word_1_5' title='bbox 324 150 375 203; x_wconf 21' lang='lat' dir='ltr'>in*</span> <span class='ocrx_word' id='word_1_6' title='bbox 405 165 620 203; x_wconf 81' lang='lat' dir='ltr'>felicitatis</span> <span class='ocrx_word' id='word_1_7' title='bbox 636 154 838 203; x_wconf 29' lang='lat' dir='ltr'>*summae</span> <span class='ocrx_word' id='word_1_8' title='bbox 868 147 1062 216; x_wconf 63' lang='lat' dir='ltr'>potentia</span> <span class='ocrx_word' id='word_1_9' title='bbox 1091 150 1257 205; x_wconf 75' lang='lat' dir='ltr'>summa</span> <span class='ocrx_word' id='word_1_10' title='bbox 1286 153 1448 205; x_wconf 54' lang='lat' dir='ltr'>conger-</span> 
     </span>
     <span class='ocr_line' id='line_1_3' title="bbox 178 217 1447 277; baseline 0.002 -8"><span class='ocrx_word' id='word_1_11' title='bbox 178 236 284 269; x_wconf 88' lang='lat' dir='ltr'>uata</span> <span class='ocrx_word' id='word_1_12' title='bbox 318 217 595 277; x_wconf 64' lang='lat' dir='ltr'>abstinentia„</span> <span class='ocrx_word' id='word_1_13' title='bbox 626 232 726 269; x_wconf 87' lang='lat' dir='ltr'>nihil</span> <span class='ocrx_word' id='word_1_14' title='bbox 762 232 946 270; x_wconf 87' lang='lat' dir='ltr'>sincerus</span> <span class='ocrx_word' id='word_1_15' title='bbox 980 236 1021 271; x_wconf 91' lang='lat' dir='ltr'>et</span> <span class='ocrx_word' id='word_1_16' title='bbox 1056 236 1177 271; x_wconf 89' lang='lat' dir='ltr'>tutus</span> <span class='ocrx_word' id='word_1_17' title='bbox 1210 233 1447 272; x_wconf 89' lang='lat' dir='ltr'>litterarum</span> 
     </span>
     <span class='ocr_line' id='line_1_4' title="bbox 181 290 1447 350; baseline 0.002 -15"><span class='ocrx_word' id='word_1_18' title='bbox 181 311 310 343; x_wconf 86' lang='lat' dir='ltr'>amor,</span> <span class='ocrx_word' id='word_1_19' title='bbox 361 298 463 336; x_wconf 85' lang='lat' dir='ltr'>nihil</span> <span class='ocrx_word' id='word_1_20' title='bbox 512 290 589 336; x_wconf 46' lang='lat' dir='ltr'>ab*</span> <span class='ocrx_word' id='word_1_21' title='bbox 612 298 726 336; x_wconf 90' lang='lat' dir='ltr'>omni</span> <span class='ocrx_word' id='word_1_22' title='bbox 774 298 868 337; x_wconf 91' lang='lat' dir='ltr'>labe</span> <span class='ocrx_word' id='word_1_23' title='bbox 915 312 1034 338; x_wconf 89' lang='lat' dir='ltr'>mens</span> <span class='ocrx_word' id='word_1_24' title='bbox 1080 300 1272 338; x_wconf 88' lang='lat' dir='ltr'>uacans?</span> <span class='ocrx_word' id='word_1_25' title='bbox 1332 299 1447 350; x_wconf 83' lang='lat' dir='ltr'>luget</span> 
     </span>
     <span class='ocr_line' id='line_1_5' title="bbox 181 364 1448 418; baseline 0.002 -16"><span class='ocrx_word' id='word_1_26' title='bbox 181 364 394 415; x_wconf 78' lang='lat' dir='ltr'>Polybius,</span> <span class='ocrx_word' id='word_1_27' title='bbox 431 368 485 410; x_wconf 93' lang='lat' dir='ltr'>et,</span> <span class='ocrx_word' id='word_1_28' title='bbox 523 365 565 402; x_wconf 89' lang='lat' dir='ltr'>in</span> <span class='ocrx_word' id='word_1_29' title='bbox 599 378 683 403; x_wconf 90' lang='lat' dir='ltr'>uno</span> <span class='ocrx_word' id='word_1_30' title='bbox 718 365 988 416; x_wconf 70' lang='lat' dir='ltr'>fratre&#39;quid</span> <span class='ocrx_word' id='word_1_31' title='bbox 1023 366 1075 404; x_wconf 90' lang='lat' dir='ltr'>de</span> <span class='ocrx_word' id='word_1_32' title='bbox 1109 366 1278 417; x_wconf 90' lang='lat' dir='ltr'>reliquis</span> <span class='ocrx_word' id='word_1_33' title='bbox 1315 366 1448 418; x_wconf 78' lang='lat' dir='ltr'>possit</span> 
     </span>
     <span class='ocr_line' id='line_1_6' title="bbox 180 428 1486 484; baseline 0.002 -15"><span class='ocrx_word' id='word_1_34' title='bbox 180 428 646 479; x_wconf 56' lang='lat' dir='ltr'>metiieressadmonitus,</span> <span class='ocrx_word' id='word_1_35' title='bbox 673 432 801 470; x_wconf 88' lang='lat' dir='ltr'>etiam</span> <span class='ocrx_word' id='word_1_36' title='bbox 825 432 876 470; x_wconf 89' lang='lat' dir='ltr'>de</span> <span class='ocrx_word' id='word_1_37' title='bbox 899 432 999 484; x_wconf 89' lang='lat' dir='ltr'>ipsis</span> <span class='ocrx_word' id='word_1_38' title='bbox 1022 432 1176 471; x_wconf 91' lang='lat' dir='ltr'>doloris</span> <span class='ocrx_word' id='word_1_39' title='bbox 1199 433 1262 472; x_wconf 93' lang='lat' dir='ltr'>sui</span> <span class='ocrx_word' id='word_1_40' title='bbox 1285 433 1449 472; x_wconf 89' lang='lat' dir='ltr'>solaciis</span> <span class='ocrx_word' id='word_1_41' title='bbox 1469 444 1486 477; x_wconf 88' lang='lat'><strong>5</strong></span> 
     </span>
     <span class='ocr_line' id='line_1_7' title="bbox 181 498 1449 551; baseline 0.002 -15"><span class='ocrx_word' id='word_1_42' title='bbox 181 498 316 537; x_wconf 88' lang='lat' dir='ltr'>timet.</span> <span class='ocrx_word' id='word_1_43' title='bbox 377 498 539 537; x_wconf 72' lang='lat' dir='ltr'>facinus</span> <span class='ocrx_word' id='word_1_44' title='bbox 561 498 779 549; x_wconf 84' lang='lat' dir='ltr'>indignum</span> <span class='ocrx_word' id='word_1_45' title='bbox 800 499 806 537; x_wconf 78' lang='lat'>1</span> <span class='ocrx_word' id='word_1_46' title='bbox 866 499 981 550; x_wconf 82' lang='lat' dir='ltr'>luget</span> <span class='ocrx_word' id='word_1_47' title='bbox 1003 499 1205 550; x_wconf 88' lang='lat' dir='ltr'>Polybius</span> <span class='ocrx_word' id='word_1_48' title='bbox 1226 503 1267 539; x_wconf 89' lang='lat' dir='ltr'>et</span> <span class='ocrx_word' id='word_1_49' title='bbox 1290 499 1449 551; x_wconf 91' lang='lat' dir='ltr'>aliquid</span> 
     </span>
     <span class='ocr_line' id='line_1_8' title="bbox 181 564 1450 623; baseline 0.002 -21"><span class='ocrx_word' id='word_1_50' title='bbox 181 564 364 616; x_wconf 86' lang='lat' dir='ltr'>propitio</span> <span class='ocrx_word' id='word_1_51' title='bbox 402 565 516 623; x_wconf 79' lang='lat' dir='ltr'>dolet</span> <span class='ocrx_word' id='word_1_52' title='bbox 554 565 755 614; x_wconf 77' lang='lat' dir='ltr'>Caesare!</span> <span class='ocrx_word' id='word_1_53' title='bbox 816 566 895 605; x_wconf 90' lang='lat' dir='ltr'>hoc</span> <span class='ocrx_word' id='word_1_54' title='bbox 932 565 1020 604; x_wconf 92' lang='lat' dir='ltr'>sine</span> <span class='ocrx_word' id='word_1_55' title='bbox 1056 566 1199 612; x_wconf 90' lang='lat' dir='ltr'>dubio,</span> <span class='ocrx_word' id='word_1_56' title='bbox 1238 566 1450 618; x_wconf 79' lang='lat' dir='ltr'>impotens</span> 
     </span>
     <span class='ocr_line' id='line_1_9' title="bbox 181 618 1450 683; baseline 0.002 -13"><span class='ocrx_word' id='word_1_57' title='bbox 181 632 383 677; x_wconf 75' lang='lat' dir='ltr'>Fortuna,</span> <span class='ocrx_word' id='word_1_58' title='bbox 408 618 607 683; x_wconf 78' lang='lat' dir='ltr'>captasti,</span> <span class='ocrx_word' id='word_1_59' title='bbox 630 636 678 670; x_wconf 89' lang='lat' dir='ltr'>ut</span> <span class='ocrx_word' id='word_1_60' title='bbox 711 633 952 671; x_wconf 77' lang='lat' dir='ltr'>ostenderes</span> <span class='ocrx_word' id='word_1_61' title='bbox 984 633 1194 672; x_wconf 89' lang='lat' dir='ltr'>neminem</span> <span class='ocrx_word' id='word_1_62' title='bbox 1227 637 1376 672; x_wconf 91' lang='lat' dir='ltr'>contra</span> <span class='ocrx_word' id='word_1_63' title='bbox 1407 637 1450 672; x_wconf 91' lang='lat' dir='ltr'>te</span> 
     </span>
     <span class='ocr_line' id='line_1_10' title="bbox 182 698 1046 750; baseline 0.001 -13"><span class='ocrx_word' id='word_1_64' title='bbox 182 712 233 737; x_wconf 89' lang='lat' dir='ltr'>ne</span> <span class='ocrx_word' id='word_1_65' title='bbox 259 712 282 737; x_wconf 93' lang='lat' dir='ltr'>a</span> <span class='ocrx_word' id='word_1_66' title='bbox 307 699 482 737; x_wconf 87' lang='lat' dir='ltr'>Caesare</span> <span class='ocrx_word' id='word_1_67' title='bbox 507 698 677 749; x_wconf 89' lang='lat' dir='ltr'>quidem</span> <span class='ocrx_word' id='word_1_68' title='bbox 703 711 824 750; x_wconf 90' lang='lat' dir='ltr'>posse</span> <span class='ocrx_word' id='word_1_69' title='bbox 849 699 1046 738; x_wconf 56' lang='lat' dir='ltr'>defendis</span> 
     </span>
    </p>

    <p class='ocr_par' dir='ltr' id='par_1_3' title="bbox 143 765 1512 1285">
     <span class='ocr_line' id='line_1_11' title="bbox 143 765 1512 819; baseline 0 -14"><span class='ocrx_word' id='word_1_70' title='bbox 143 787 157 810; x_wconf 91' lang='lat'>1</span> <span class='ocrx_word' id='word_1_71' title='bbox 262 774 307 819; x_wconf 88' lang='lat'>4.</span> <span class='ocrx_word' id='word_1_72' title='bbox 367 765 538 804; x_wconf 78' lang='lat' dir='ltr'>Diutius</span> <span class='ocrx_word' id='word_1_73' title='bbox 568 778 763 805; x_wconf 87' lang='lat' dir='ltr'>accusare</span> <span class='ocrx_word' id='word_1_74' title='bbox 791 766 883 805; x_wconf 78' lang='lat' dir='ltr'>fata</span> <span class='ocrx_word' id='word_1_75' title='bbox 910 779 1145 818; x_wconf 90' lang='lat' dir='ltr'>possumus,</span> <span class='ocrx_word' id='word_1_76' title='bbox 1172 770 1338 806; x_wconf 87' lang='lat' dir='ltr'>mutare</span> <span class='ocrx_word' id='word_1_77' title='bbox 1367 779 1451 805; x_wconf 91' lang='lat' dir='ltr'>non</span> <span class='ocrx_word' id='word_1_78' title='bbox 1474 783 1512 805; x_wconf 91' lang='lat'>10</span> 
     </span>
     <span class='ocr_line' id='line_1_12' title="bbox 182 833 1451 883; baseline 0.002 -13"><span class='ocrx_word' id='word_1_79' title='bbox 182 845 405 883; x_wconf 89' lang='lat' dir='ltr'>possumus</span> <span class='ocrx_word' id='word_1_80' title='bbox 425 844 432 870; x_wconf 90' lang='lat'>:</span> <span class='ocrx_word' id='word_1_81' title='bbox 468 836 585 871; x_wconf 87' lang='lat' dir='ltr'>stant</span> <span class='ocrx_word' id='word_1_82' title='bbox 604 833 710 871; x_wconf 89' lang='lat' dir='ltr'>dura</span> <span class='ocrx_word' id='word_1_83' title='bbox 728 836 769 871; x_wconf 91' lang='lat' dir='ltr'>et</span> <span class='ocrx_word' id='word_1_84' title='bbox 787 833 1062 872; x_wconf 82' lang='lat' dir='ltr'>inexorabilia</span> <span class='ocrx_word' id='word_1_85' title='bbox 1082 845 1090 879; x_wconf 86' lang='lat'>;</span> <span class='ocrx_word' id='word_1_86' title='bbox 1125 846 1248 872; x_wconf 90' lang='lat' dir='ltr'>nemo</span> <span class='ocrx_word' id='word_1_87' title='bbox 1266 833 1337 872; x_wconf 88' lang='lat' dir='ltr'>illa</span> <span class='ocrx_word' id='word_1_88' title='bbox 1353 845 1451 872; x_wconf 88' lang='lat' dir='ltr'>con-</span> 
     </span>
     <span class='ocr_line' id='line_1_13' title="bbox 182 899 1451 951; baseline 0.002 -14"><span class='ocrx_word' id='word_1_89' title='bbox 182 899 303 943; x_wconf 85' lang='lat' dir='ltr'>uicio,</span> <span class='ocrx_word' id='word_1_90' title='bbox 328 912 451 937; x_wconf 90' lang='lat' dir='ltr'>nemo</span> <span class='ocrx_word' id='word_1_91' title='bbox 473 899 589 945; x_wconf 89' lang='lat' dir='ltr'>fletu,</span> <span class='ocrx_word' id='word_1_92' title='bbox 614 912 737 938; x_wconf 91' lang='lat' dir='ltr'>nemo</span> <span class='ocrx_word' id='word_1_93' title='bbox 759 913 887 938; x_wconf 91' lang='lat' dir='ltr'>causa</span> <span class='ocrx_word' id='word_1_94' title='bbox 908 904 1052 939; x_wconf 90' lang='lat' dir='ltr'>mouet</span> <span class='ocrx_word' id='word_1_95' title='bbox 1073 912 1081 946; x_wconf 86' lang='lat'>;</span> <span class='ocrx_word' id='word_1_96' title='bbox 1121 900 1223 939; x_wconf 89' lang='lat' dir='ltr'>nihil</span> <span class='ocrx_word' id='word_1_97' title='bbox 1245 913 1451 951; x_wconf 90' lang='lat' dir='ltr'>umquam</span> 
     </span>
     <span class='ocr_line' id='line_1_14' title="bbox 182 966 1451 1018; baseline 0.002 -14"><span class='ocrx_word' id='word_1_98' title='bbox 182 966 254 1005; x_wconf 91' lang='lat' dir='ltr'>ulli</span> <span class='ocrx_word' id='word_1_99' title='bbox 280 970 460 1017; x_wconf 88' lang='lat' dir='ltr'>parcunt</span> <span class='ocrx_word' id='word_1_100' title='bbox 487 979 562 1005; x_wconf 89' lang='lat' dir='ltr'>nec</span> <span class='ocrx_word' id='word_1_101' title='bbox 587 966 825 1005; x_wconf 88' lang='lat' dir='ltr'>remittunt.</span> <span class='ocrx_word' id='word_1_102' title='bbox 884 967 1060 1018; x_wconf 89' lang='lat' dir='ltr'>proinde</span> <span class='ocrx_word' id='word_1_103' title='bbox 1084 980 1308 1018; x_wconf 88' lang='lat' dir='ltr'>parcamus</span> <span class='ocrx_word' id='word_1_104' title='bbox 1332 967 1451 1006; x_wconf 88' lang='lat' dir='ltr'>lacri-</span> 
     </span>
     <span class='ocr_line' id='line_1_15' title="bbox 183 1033 1454 1084; baseline 0.002 -13"><span class='ocrx_word' id='word_1_105' title='bbox 183 1033 262 1072; x_wconf 91' lang='lat' dir='ltr'>mis</span> <span class='ocrx_word' id='word_1_106' title='bbox 288 1033 390 1072; x_wconf 90' lang='lat' dir='ltr'>nihil</span> <span class='ocrx_word' id='word_1_107' title='bbox 415 1033 733 1084; x_wconf 85' lang='lat' dir='ltr'>proficientibus</span> <span class='ocrx_word' id='word_1_108' title='bbox 752 1045 760 1079; x_wconf 88' lang='lat'>;</span> <span class='ocrx_word' id='word_1_109' title='bbox 803 1033 966 1072; x_wconf 79' lang='lat' dir='ltr'>facilius</span> <span class='ocrx_word' id='word_1_110' title='bbox 992 1034 1102 1072; x_wconf 90' lang='lat' dir='ltr'>enim</span> <span class='ocrx_word' id='word_1_111' title='bbox 1129 1047 1205 1073; x_wconf 91' lang='lat' dir='ltr'>nos</span> <span class='ocrx_word' id='word_1_112' title='bbox 1230 1034 1309 1073; x_wconf 92' lang='lat' dir='ltr'>illis</span> <span class='ocrx_word' id='word_1_113' title='bbox 1334 1034 1454 1073; x_wconf 91' lang='lat' dir='ltr'>dolor</span> 
     </span>
     <span class='ocr_line' id='line_1_16' title="bbox 184 1100 1512 1152; baseline 0.001 -14"><span class='ocrx_word' id='word_1_114' title='bbox 184 1100 262 1139; x_wconf 91' lang='lat' dir='ltr'>iste</span> <span class='ocrx_word' id='word_1_115' title='bbox 300 1100 452 1138; x_wconf 82' lang='lat' dir='ltr'>adiciet</span> <span class='ocrx_word' id='word_1_116' title='bbox 490 1113 619 1151; x_wconf 90' lang='lat' dir='ltr'>quam</span> <span class='ocrx_word' id='word_1_117' title='bbox 657 1101 748 1139; x_wconf 91' lang='lat' dir='ltr'>illos</span> <span class='ocrx_word' id='word_1_118' title='bbox 785 1100 906 1139; x_wconf 91' lang='lat' dir='ltr'>nobis</span> <span class='ocrx_word' id='word_1_119' title='bbox 942 1101 1141 1139; x_wconf 85' lang='lat' dir='ltr'>reducet:</span> <span class='ocrx_word' id='word_1_120' title='bbox 1196 1101 1268 1152; x_wconf 92' lang='lat' dir='ltr'>qui</span> <span class='ocrx_word' id='word_1_121' title='bbox 1306 1101 1339 1139; x_wconf 93' lang='lat' dir='ltr'>si</span> <span class='ocrx_word' id='word_1_122' title='bbox 1377 1113 1453 1139; x_wconf 89' lang='lat' dir='ltr'>nos</span> <span class='ocrx_word' id='word_1_123' title='bbox 1476 1111 1512 1145; x_wconf 86' lang='lat'>15</span> 
     </span>
     <span class='ocr_line' id='line_1_17' title="bbox 184 1167 1452 1219; baseline 0.001 -14"><span class='ocrx_word' id='word_1_124' title='bbox 184 1171 368 1217; x_wconf 85' lang='lat' dir='ltr'>torquet,</span> <span class='ocrx_word' id='word_1_125' title='bbox 402 1179 485 1205; x_wconf 89' lang='lat' dir='ltr'>non</span> <span class='ocrx_word' id='word_1_126' title='bbox 517 1167 707 1213; x_wconf 89' lang='lat' dir='ltr'>adiuuat,</span> <span class='ocrx_word' id='word_1_127' title='bbox 740 1167 875 1218; x_wconf 89' lang='lat' dir='ltr'>primo</span> <span class='ocrx_word' id='word_1_128' title='bbox 906 1180 1075 1218; x_wconf 91' lang='lat' dir='ltr'>quoque</span> <span class='ocrx_word' id='word_1_129' title='bbox 1105 1172 1295 1219; x_wconf 90' lang='lat' dir='ltr'>tempore</span> <span class='ocrx_word' id='word_1_130' title='bbox 1325 1168 1452 1219; x_wconf 93' lang='lat' dir='ltr'>depo—</span> 
     </span>
     <span class='ocr_line' id='line_1_18' title="bbox 185 1234 1453 1285; baseline 0 -12"><span class='ocrx_word' id='word_1_131' title='bbox 185 1234 347 1273; x_wconf 90' lang='lat' dir='ltr'>nendus</span> <span class='ocrx_word' id='word_1_132' title='bbox 372 1238 448 1279; x_wconf 86' lang='lat' dir='ltr'>est,</span> <span class='ocrx_word' id='word_1_133' title='bbox 475 1238 515 1272; x_wconf 92' lang='lat' dir='ltr'>et</span> <span class='ocrx_word' id='word_1_134' title='bbox 543 1234 595 1272; x_wconf 89' lang='lat' dir='ltr'>ab</span> <span class='ocrx_word' id='word_1_135' title='bbox 620 1234 816 1272; x_wconf 90' lang='lat' dir='ltr'>inanibus</span> <span class='ocrx_word' id='word_1_136' title='bbox 841 1234 1004 1273; x_wconf 92' lang='lat' dir='ltr'>solaciis</span> <span class='ocrx_word' id='word_1_137' title='bbox 1029 1238 1157 1285; x_wconf 90' lang='lat' dir='ltr'>atque</span> <span class='ocrx_word' id='word_1_138' title='bbox 1182 1247 1327 1273; x_wconf 87' lang='lat' dir='ltr'>amara</span> <span class='ocrx_word' id='word_1_139' title='bbox 1350 1247 1453 1285; x_wconf 87' lang='lat' dir='ltr'>qua-</span> 
     </span>
    </p>

    <p class='ocr_par' dir='ltr' id='par_1_4' title="bbox 144 1287 1517 1888">
     <span class='ocr_line' id='line_1_19' title="bbox 144 1287 1452 1352; baseline -0.001 -11"><span class='ocrx_word' id='word_1_140' title='bbox 144 1318 161 1341; x_wconf 91' lang='lat'><strong>2</strong></span> <span class='ocrx_word' id='word_1_141' title='bbox 185 1301 283 1339; x_wconf 87' lang='lat' dir='ltr'>dam</span> <span class='ocrx_word' id='word_1_142' title='bbox 316 1301 489 1339; x_wconf 88' lang='lat' dir='ltr'>libidine</span> <span class='ocrx_word' id='word_1_143' title='bbox 523 1287 703 1339; x_wconf 44' lang='lat' dir='ltr'>dolendi¹</span> <span class='ocrx_word' id='word_1_144' title='bbox 725 1301 890 1339; x_wconf 90' lang='lat' dir='ltr'>animus</span> <span class='ocrx_word' id='word_1_145' title='bbox 923 1301 1185 1352; x_wconf 89' lang='lat' dir='ltr'>recipiendus</span> <span class='ocrx_word' id='word_1_146' title='bbox 1217 1305 1293 1340; x_wconf 89' lang='lat' dir='ltr'>est.</span> <span class='ocrx_word' id='word_1_147' title='bbox 1353 1314 1452 1340; x_wconf 90' lang='lat' dir='ltr'>nam</span> 
     </span>
     <span class='ocr_line' id='line_1_20' title="bbox 184 1368 1454 1414; baseline -0.001 -7"><span class='ocrx_word' id='word_1_148' title='bbox 184 1368 366 1407; x_wconf 87' lang='lat' dir='ltr'>lacrimis</span> <span class='ocrx_word' id='word_1_149' title='bbox 395 1368 549 1406; x_wconf 86' lang='lat' dir='ltr'>nostris</span> <span class='ocrx_word' id='word_1_150' title='bbox 578 1368 656 1406; x_wconf 89' lang='lat' dir='ltr'>nisi</span> <span class='ocrx_word' id='word_1_151' title='bbox 686 1368 794 1406; x_wconf 90' lang='lat' dir='ltr'>ratio</span> <span class='ocrx_word' id='word_1_152' title='bbox 823 1368 950 1406; x_wconf 83' lang='lat' dir='ltr'>finem</span> <span class='ocrx_word' id='word_1_153' title='bbox 979 1368 1136 1414; x_wconf 81' lang='lat' dir='ltr'>fecerit,</span> <span class='ocrx_word' id='word_1_154' title='bbox 1168 1368 1341 1407; x_wconf 78' lang='lat' dir='ltr'>fortuna</span> <span class='ocrx_word' id='word_1_155' title='bbox 1369 1380 1454 1406; x_wconf 90' lang='lat' dir='ltr'>non</span> 
     </span>
     <span class='ocr_line' id='line_1_21' title="bbox 185 1424 1517 1486; baseline 0 -13"><span class='ocrx_word' id='word_1_156' title='bbox 185 1435 324 1474; x_wconf 82' lang='lat' dir='ltr'>faciet.</span> <span class='ocrx_word' id='word_1_157' title='bbox 384 1435 520 1473; x_wconf 86' lang='lat' dir='ltr'>omnis</span> <span class='ocrx_word' id='word_1_158' title='bbox 562 1435 742 1486; x_wconf 82' lang='lat' dir='ltr'>agedum</span> <span class='ocrx_word' id='word_1_159' title='bbox 782 1424 973 1473; x_wconf 79' lang='lat' dir='ltr'>mortalis</span> <span class='ocrx_word' id='word_1_160' title='bbox 1013 1435 1296 1486; x_wconf 89' lang='lat' dir='ltr'>circumspice,</span> <span class='ocrx_word' id='word_1_161' title='bbox 1339 1435 1456 1486; x_wconf 82' lang='lat' dir='ltr'>larga</span> <span class='ocrx_word' id='word_1_162' title='bbox 1476 1451 1517 1474; x_wconf 84' lang='lat'>20</span> 
     </span>
     <span class='ocr_line' id='line_1_22' title="bbox 185 1501 1456 1552; baseline -0.001 -12"><span class='ocrx_word' id='word_1_163' title='bbox 185 1502 342 1552; x_wconf 87' lang='lat' dir='ltr'>ubique</span> <span class='ocrx_word' id='word_1_164' title='bbox 370 1502 497 1540; x_wconf 88' lang='lat' dir='ltr'>flendi</span> <span class='ocrx_word' id='word_1_165' title='bbox 528 1506 569 1540; x_wconf 93' lang='lat' dir='ltr'>et</span> <span class='ocrx_word' id='word_1_166' title='bbox 604 1502 781 1540; x_wconf 89' lang='lat' dir='ltr'>adsidua</span> <span class='ocrx_word' id='word_1_167' title='bbox 812 1502 992 1540; x_wconf 86' lang='lat' dir='ltr'>materia</span> <span class='ocrx_word' id='word_1_168' title='bbox 1024 1506 1114 1541; x_wconf 90' lang='lat' dir='ltr'>est:</span> <span class='ocrx_word' id='word_1_169' title='bbox 1150 1502 1279 1540; x_wconf 90' lang='lat' dir='ltr'>alium</span> <span class='ocrx_word' id='word_1_170' title='bbox 1309 1501 1363 1540; x_wconf 89' lang='lat' dir='ltr'>ad</span> <span class='ocrx_word' id='word_1_171' title='bbox 1387 1514 1456 1540; x_wconf 87' lang='lat' dir='ltr'>co-</span> 
     </span>
     <span class='ocr_line' id='line_1_23' title="bbox 186 1568 1456 1620; baseline 0 -13"><span class='ocrx_word' id='word_1_172' title='bbox 186 1569 397 1607; x_wconf 89' lang='lat' dir='ltr'>tidianum</span> <span class='ocrx_word' id='word_1_173' title='bbox 422 1581 528 1620; x_wconf 90' lang='lat' dir='ltr'>opus</span> <span class='ocrx_word' id='word_1_174' title='bbox 548 1569 759 1607; x_wconf 91' lang='lat' dir='ltr'>laboriosa</span> <span class='ocrx_word' id='word_1_175' title='bbox 783 1572 947 1620; x_wconf 82' lang='lat' dir='ltr'>egestas</span> <span class='ocrx_word' id='word_1_176' title='bbox 962 1573 1103 1615; x_wconf 83' lang='lat' dir='ltr'>uocat,</span> <span class='ocrx_word' id='word_1_177' title='bbox 1123 1568 1252 1607; x_wconf 87' lang='lat' dir='ltr'>alium</span> <span class='ocrx_word' id='word_1_178' title='bbox 1279 1568 1456 1607; x_wconf 91' lang='lat' dir='ltr'>ambitio</span> 
     </span>
     <span class='ocr_line' id='line_1_24' title="bbox 187 1636 1456 1687; baseline -0.001 -13"><span class='ocrx_word' id='word_1_179' title='bbox 187 1649 421 1686; x_wconf 88' lang='lat' dir='ltr'>numquam</span> <span class='ocrx_word' id='word_1_180' title='bbox 448 1636 594 1687; x_wconf 89' lang='lat' dir='ltr'>quieta</span> <span class='ocrx_word' id='word_1_181' title='bbox 619 1636 831 1682; x_wconf 87' lang='lat' dir='ltr'>sollicitat,</span> <span class='ocrx_word' id='word_1_182' title='bbox 860 1636 965 1675; x_wconf 90' lang='lat' dir='ltr'>alius</span> <span class='ocrx_word' id='word_1_183' title='bbox 991 1636 1175 1681; x_wconf 90' lang='lat' dir='ltr'>diuitias,</span> <span class='ocrx_word' id='word_1_184' title='bbox 1203 1648 1309 1686; x_wconf 89' lang='lat' dir='ltr'>quas</span> <span class='ocrx_word' id='word_1_185' title='bbox 1335 1639 1456 1687; x_wconf 91' lang='lat' dir='ltr'>opta-</span> 
     </span>
     <span class='ocr_line' id='line_1_25' title="bbox 186 1702 1457 1749; baseline -0.002 -7"><span class='ocrx_word' id='word_1_186' title='bbox 186 1707 321 1748; x_wconf 87' lang='lat' dir='ltr'>uerat,</span> <span class='ocrx_word' id='word_1_187' title='bbox 361 1703 513 1741; x_wconf 91' lang='lat' dir='ltr'>metuit</span> <span class='ocrx_word' id='word_1_188' title='bbox 554 1707 594 1741; x_wconf 93' lang='lat' dir='ltr'>et</span> <span class='ocrx_word' id='word_1_189' title='bbox 633 1707 736 1741; x_wconf 91' lang='lat' dir='ltr'>uoto</span> <span class='ocrx_word' id='word_1_190' title='bbox 773 1702 939 1741; x_wconf 87' lang='lat' dir='ltr'>laborat</span> <span class='ocrx_word' id='word_1_191' title='bbox 977 1715 1065 1749; x_wconf 89' lang='lat' dir='ltr'>suo,</span> <span class='ocrx_word' id='word_1_192' title='bbox 1106 1703 1235 1741; x_wconf 91' lang='lat' dir='ltr'>alium</span> <span class='ocrx_word' id='word_1_193' title='bbox 1273 1702 1457 1742; x_wconf 89' lang='lat' dir='ltr'>solitudo</span> 
     </span>
     <span class='ocr_line' id='line_1_26' title="bbox 188 1769 1517 1821; baseline -0.002 -13"><span class='ocrx_word' id='word_1_194' title='bbox 188 1774 372 1820; x_wconf 83' lang='lat' dir='ltr'>torquet,</span> <span class='ocrx_word' id='word_1_195' title='bbox 412 1770 539 1808; x_wconf 87' lang='lat' dir='ltr'>alium</span> <span class='ocrx_word' id='word_1_196' title='bbox 576 1783 740 1821; x_wconf 90' lang='lat' dir='ltr'>semper</span> <span class='ocrx_word' id='word_1_197' title='bbox 774 1769 1033 1809; x_wconf 89' lang='lat' dir='ltr'>uestibulum</span> <span class='ocrx_word' id='word_1_198' title='bbox 1069 1769 1265 1808; x_wconf 88' lang='lat' dir='ltr'>obsidens</span> <span class='ocrx_word' id='word_1_199' title='bbox 1301 1769 1456 1815; x_wconf 81' lang='lat' dir='ltr'>turba;</span> <span class='ocrx_word' id='word_1_200' title='bbox 1479 1781 1517 1814; x_wconf 87' lang='lat'>25</span> 
     </span>
     <span class='ocr_line' id='line_1_27' title="bbox 188 1836 1459 1888; baseline -0.002 -13"><span class='ocrx_word' id='word_1_201' title='bbox 188 1837 254 1876; x_wconf 91' lang='lat' dir='ltr'>hic</span> <span class='ocrx_word' id='word_1_202' title='bbox 285 1837 438 1875; x_wconf 87' lang='lat' dir='ltr'>habere</span> <span class='ocrx_word' id='word_1_203' title='bbox 467 1850 510 1875; x_wconf 83' lang='lat' dir='ltr'>se</span> <span class='ocrx_word' id='word_1_204' title='bbox 540 1837 652 1875; x_wconf 91' lang='lat' dir='ltr'>dolet</span> <span class='ocrx_word' id='word_1_205' title='bbox 683 1837 846 1882; x_wconf 89' lang='lat' dir='ltr'>liberos,</span> <span class='ocrx_word' id='word_1_206' title='bbox 878 1836 944 1874; x_wconf 90' lang='lat' dir='ltr'>hic</span> <span class='ocrx_word' id='word_1_207' title='bbox 973 1836 1231 1888; x_wconf 84' lang='lat' dir='ltr'>perdidisse:</span> <span class='ocrx_word' id='word_1_208' title='bbox 1262 1836 1459 1874; x_wconf 88' lang='lat' dir='ltr'>lacrimae</span> 
     </span>
    </p>

    <p class='ocr_par' dir='ltr' id='par_1_5' title="bbox 147 1902 1486 2090">
     <span class='ocr_line' id='line_1_28' title="bbox 147 1902 1486 1954; baseline -0.001 -12"><span class='ocrx_word' id='word_1_209' title='bbox 147 1917 167 1952; x_wconf 89' lang='lat'>3</span> <span class='ocrx_word' id='word_1_210' title='bbox 189 1904 310 1943; x_wconf 89' lang='lat' dir='ltr'>nobis</span> <span class='ocrx_word' id='word_1_211' title='bbox 332 1903 508 1942; x_wconf 85' lang='lat' dir='ltr'>deerunt</span> <span class='ocrx_word' id='word_1_212' title='bbox 533 1908 632 1942; x_wconf 87' lang='lat' dir='ltr'>ante</span> <span class='ocrx_word' id='word_1_213' title='bbox 654 1916 783 1954; x_wconf 89' lang='lat' dir='ltr'>quam</span> <span class='ocrx_word' id='word_1_214' title='bbox 806 1916 956 1942; x_wconf 87' lang='lat' dir='ltr'>causae</span> <span class='ocrx_word' id='word_1_215' title='bbox 979 1903 1159 1942; x_wconf 90' lang='lat' dir='ltr'>dolendi.</span> <span class='ocrx_word' id='word_1_216' title='bbox 1220 1916 1303 1941; x_wconf 90' lang='lat' dir='ltr'>non</span> <span class='ocrx_word' id='word_1_217' title='bbox 1325 1902 1457 1948; x_wconf 86' lang='lat' dir='ltr'>uides,</span> <span class='ocrx_word' id='word_1_218' title='bbox 1484 1925 1486 1927; x_wconf 60' lang='lat'>&gt;</span> 
     </span>
     <span class='ocr_line' id='line_1_29' title="bbox 190 1969 1459 2021; baseline -0.002 -12"><span class='ocrx_word' id='word_1_219' title='bbox 190 1971 359 2021; x_wconf 89' lang='lat' dir='ltr'>qualem</span> <span class='ocrx_word' id='word_1_220' title='bbox 392 1970 513 2009; x_wconf 88' lang='lat' dir='ltr'>nobis</span> <span class='ocrx_word' id='word_1_221' title='bbox 544 1971 679 2009; x_wconf 88' lang='lat' dir='ltr'>uitam</span> <span class='ocrx_word' id='word_1_222' title='bbox 712 1983 849 2009; x_wconf 91' lang='lat' dir='ltr'>rerum</span> <span class='ocrx_word' id='word_1_223' title='bbox 881 1974 1035 2009; x_wconf 90' lang='lat' dir='ltr'>natura</span> <span class='ocrx_word' id='word_1_224' title='bbox 1066 1969 1317 2021; x_wconf 89' lang='lat' dir='ltr'>promiserit,</span> <span class='ocrx_word' id='word_1_225' title='bbox 1350 1981 1459 2020; x_wconf 88' lang='lat' dir='ltr'>quae</span> 
     </span>
     <span class='ocr_line' id='line_1_30' title="bbox 191 2035 1455 2090; baseline -0.002 -14"><span class='ocrx_word' id='word_1_226' title='bbox 191 2037 374 2090; x_wconf 89' lang='lat' dir='ltr'>primum</span> <span class='ocrx_word' id='word_1_227' title='bbox 413 2037 677 2076; x_wconf 86' lang='lat' dir='ltr'>nascentium</span> <span class='ocrx_word' id='word_1_228' title='bbox 716 2037 935 2076; x_wconf 87' lang='lat' dir='ltr'>hominum</span> <span class='ocrx_word' id='word_1_229' title='bbox 972 2037 1121 2076; x_wconf 86' lang='lat' dir='ltr'>fletum</span> <span class='ocrx_word' id='word_1_230' title='bbox 1160 2050 1248 2075; x_wconf 89' lang='lat' dir='ltr'>esse</span> <span class='ocrx_word' id='word_1_231' title='bbox 1284 2035 1455 2078; x_wconf 89' lang='lat' dir='ltr'>uoluit?</span> 
     </span>
    </p>
   </div>
   <div class='ocr_carea' id='block_1_3' title="bbox 192 2128 1460 2225">
    <p class='ocr_par' dir='ltr' id='par_1_6' title="bbox 192 2128 1460 2225">
     <span class='ocr_line' id='line_1_31' title="bbox 259 2128 1460 2170; baseline -0.001 -9"><span class='ocrx_word' id='word_1_232' title='bbox 259 2136 275 2162; x_wconf 89' lang='lat'>1</span> <span class='ocrx_word' id='word_1_233' title='bbox 294 2130 331 2162; x_wconf 91' lang='lat' dir='ltr'>in</span> <span class='ocrx_word' id='word_1_234' title='bbox 344 2132 467 2164; x_wconf 74' lang='lat' dir='ltr'>addidi</span> <span class='ocrx_word' id='word_1_235' title='bbox 515 2136 554 2163; x_wconf 80' lang='lat'>14</span> <span class='ocrx_word' id='word_1_236' title='bbox 571 2132 640 2163; x_wconf 87' lang='lat' dir='ltr'>illis</span> <span class='ocrx_word' id='word_1_237' title='bbox 654 2141 660 2163; x_wconf 88' lang='lat'>:</span> <span class='ocrx_word' id='word_1_238' title='bbox 690 2132 844 2163; x_wconf 88' lang='lat' dir='ltr'>mortuis</span> <span class='ocrx_word' id='word_1_239' title='bbox 861 2132 972 2170; x_wconf 77' lang='lat' dir='ltr'>Gertz,</span> <span class='ocrx_word' id='word_1_240' title='bbox 986 2131 1112 2164; x_wconf 82' lang='lat' dir='ltr'>inferis</span> <span class='ocrx_word' id='word_1_241' title='bbox 1125 2132 1271 2163; x_wconf 80' lang='lat' dir='ltr'>Hermes</span> <span class='ocrx_word' id='word_1_242' title='bbox 1323 2134 1362 2161; x_wconf 77' lang='lat'>24</span> <span class='ocrx_word' id='word_1_243' title='bbox 1378 2128 1460 2162; x_wconf 89' lang='lat' dir='ltr'>soli-</span> 
     </span>
     <span class='ocr_line' id='line_1_32' title="bbox 192 2183 1434 2225; baseline -0.002 -9"><span class='ocrx_word' id='word_1_244' title='bbox 192 2183 284 2216; x_wconf 87' lang='lat' dir='ltr'>tudo</span> <span class='ocrx_word' id='word_1_245' title='bbox 301 2183 439 2225; x_wconf 70' lang='grc' dir='ltr'><em>Ηατιρί,</em></span> <span class='ocrx_word' id='word_1_246' title='bbox 461 2183 670 2215; x_wconf 86' lang='lat' dir='ltr'>sollicitudo</span> <span class='ocrx_word' id='word_1_247' title='bbox 688 2184 716 2214; x_wconf 86' lang='grc' dir='ltr'><em>Ο</em></span> <span class='ocrx_word' id='word_1_248' title='bbox 809 2188 847 2214; x_wconf 86' lang='grc'>29</span> <span class='ocrx_word' id='word_1_249' title='bbox 872 2183 1065 2215; x_wconf 91' lang='lat' dir='ltr'>hominum</span> <span class='ocrx_word' id='word_1_250' title='bbox 1083 2183 1123 2220; x_wconf 91' lang='grc' dir='ltr'>Ο,</span> <span class='ocrx_word' id='word_1_251' title='bbox 1143 2193 1251 2215; x_wconf 87' lang='lat' dir='ltr'>omen</span> <span class='ocrx_word' id='word_1_252' title='bbox 1269 2183 1434 2214; x_wconf 76' lang='lat' dir='ltr'>Muretus</span> 
     </span>
    </p>
   </div>
  </div>
 </body>
</html>
