1623 2444
558 49 645 85 AD
684 49 808 85 HEL
826 50 980 85 VJAM
1347 52 1369 86 6
1375 63 1395 97 3

127 158 284 198 diuisit.
343 159 416 197 sed
462 158 822 209 quemadmodum
870 158 1026 197 tirones
1072 158 1221 197 leuiter
1267 159 1397 197 saucii

127 230 271 264 tamen
292 225 579 264 uociferantur
599 229 640 264 et
661 239 813 264 manus
832 225 1091 264 medicorum
1112 225 1246 276 magis
1266 238 1396 276 quam

128 293 283 331 ferrum
320 293 504 338 horrent,
540 296 583 331 at
621 293 822 338 ueterani,
862 292 1057 343 quamuis
1094 292 1289 338 confossi,
1323 306 1397 343 pa-

128 359 282 398 tienter
311 372 359 398 ac
381 359 469 398 sine
491 359 652 410 gemitu
674 359 791 398 uelut
818 359 954 398 aliena
984 372 1160 411 corpora
1188 359 1397 398 exsaniari

90 426 363 478 5patiuntur‚
405 426 466 465 ita
505 430 554 465 tu
594 440 704 465 nunc
744 426 870 465 debes
910 426 1077 465 fortiter
1115 426 1315 478 praebere
1355 430 1398 465 te

127 493 348 533 curationi.
407 493 733 532 lamentationes
753 493 924 544 quidem
945 498 985 532 et
1008 493 1218 532 heiulatus
1238 497 1280 532 et
1302 493 1395 539 alia,
1422 512 1440 536 2

127 573 202 612 per
231 573 340 611 quae
371 560 455 599 fere
487 560 701 599 muliebris
732 560 850 599 dolor
881 560 1182 606 tumultuatur,
1217 573 1395 606 amoue;

128 627 348 679 perdidisti
389 627 499 666 enim
541 631 606 666 tot
647 627 771 673 mala,
814 627 846 665 si
888 628 1077 666 nondum
1118 627 1270 666 misera
1310 641 1398 666 esse

129 694 324 733 didicisti.
385 694 535 745 ecquid
570 694 715 733 uideor
750 707 833 733 non
870 694 1017 733 timide
1052 698 1193 733 tecum
1229 695 1393 746 egisse?

74 778 111 800 10
130 761 231 800 nihil
253 761 330 800 tibi
352 761 535 800 subduxi
557 774 607 799 ex
628 761 749 800 malis
771 761 867 807 tuis,
891 762 963 800 sed
985 762 1127 800 omnia
1147 766 1399 801 coaceruata

130 832 229 867 ante
255 832 298 867 te
323 828 456 879 posui.

210 904 252 949 4,
312 896 465 946 Magno
491 895 533 933 id
558 895 699 933 animo
725 895 802 933 feci
824 908 831 941 ;
870 896 1071 934 constitui
1098 896 1209 934 enim
1231 896 1398 934 uincere
1424 909 1438 933 1

129 962 315 1001 dolorem
346 966 482 1007 tuum,
515 975 598 1000 non
629 962 978 1001 circumscribere.
1038 963 1207 1002 uincam
1239 967 1395 1008 autem,

129 1033 248 1081 putO,
270 1028 453 1080 primum
474 1029 507 1067 si
528 1029 750 1067 ostendero
771 1029 873 1067 nihil
893 1043 960 1068 me
980 1030 1070 1081 pati
1091 1034 1263 1081 propter
1283 1030 1397 1081 quod

74 1111 108 1144 15
130 1096 218 1147 ipse
244 1096 325 1134 dici
352 1096 508 1147 possim
536 1096 672 1141 miser,
702 1096 857 1135 nedum
884 1101 1058 1148 propter
1084 1097 1198 1147 quod
1225 1097 1398 1136 miseros

130 1163 259 1202 etiam
281 1176 387 1214 quos
409 1162 608 1214 contingo
631 1163 799 1209 faciam,·
822 1164 973 1202 deinde
995 1164 1027 1202 si
1052 1164 1105 1202 ad
1128 1168 1170 1202 te
1192 1164 1397 1203 transiero

130 1234 172 1268 et
196 1229 430 1281 probauero
456 1242 506 1268 ne
526 1233 646 1268 tuam
670 1230 841 1281 quidem
866 1243 1038 1281 grauem
1059 1244 1145 1270 esse
1166 1231 1395 1277 fortunam,

129 1309 239 1348 quae
265 1300 359 1335 tota
385 1310 435 1335 ex
462 1310 557 1335 mea
581 1297 750 1348 pendet.

213 1364 305 1402 Hoc
323 1363 439 1414 prius
467 1364 687 1414 adgrediar
707 1364 822 1414 quod
841 1364 977 1415 pietas
996 1368 1072 1403 tua
1092 1365 1236 1403 audire
1255 1365 1395 1416 gestit,
1421 1379 1439 1402 2

71 1430 233 1469 20‹nihil
253 1430 356 1469 mihi
376 1430 476 1469 mali
498 1443 596 1469 esse.
657 1431 689 1469 si
711 1435 902 1482 potuero,
925 1431 1037 1482 ipsas
1058 1445 1133 1477 res,
1157 1432 1311 1483 quibus
1331 1445 1398 1471 me

129 1500 257 1548 putat
298 1497 444 1548 premi,
488 1510 572 1536 non
615 1510 702 1536 esse
745 1498 1027 1537 intolerabiles
1052 1489 1222 1537 ¹faciam
1264 1499 1398 1538 mani-

131 1564 315 1609 festum;
360 1564 423 1602 sin
451 1564 494 1602 id
521 1564 632 1603 credi
661 1578 745 1603 non
772 1565 972 1616 potuerit,
1004 1569 1047 1604 at
1076 1578 1151 1617 ego
1179 1566 1281 1605 mihi
1310 1566 1398 1618 ipse

130 1630 264 1682 magis
293 1630 481 1682 placebo,
514 1632 628 1682 quod
659 1631 768 1670 inter
798 1644 868 1670 eas
899 1645 962 1670 res
992 1632 1143 1671 beatus
1174 1646 1256 1679 ero,
1289 1646 1397 1684 quae

130 1697 303 1736 miseros
327 1697 461 1736 solent
476 1697 634 1736 iacere.
695 1711 778 1736 non
803 1702 865 1737 est
891 1699 1006 1749 quod
1031 1699 1082 1737 de
1106 1712 1173 1738 me
1199 1700 1289 1739 aliis
1313 1713 1397 1739 cre·
1420 1705 1440 1740 3

72 1780 109 1814 25
131 1764 233 1803 das:
282 1763 370 1815 ipse
400 1764 490 1810 tibi,
523 1777 574 1803 ne
604 1765 707 1815 quid
738 1765 906 1804 incertis
937 1765 1205 1816 opinionibus
1234 1771 1398 1818 pertur-

130 1830 252 1876 beris,
290 1830 428 1869 indico
463 1844 530 1870 me
566 1844 650 1870 non
687 1845 774 1870 esse
809 1832 1021 1871 miserum.
1065 1819 1274 1879 sadiciam,
1313 1847 1398 1885 quo

131 1896 313 1936 securior
341 1897 408 1943 sis,
439 1910 490 1936 ne
517 1897 604 1936 fieri
633 1899 804 1949 quidem
832 1912 899 1937 me
927 1912 1048 1950 posse
1076 1900 1308 1965 miserumssf

211 1970 254 2018 5.
315 1963 436 2002 Bona
472 1965 714 2004 condicione
750 1965 879 2017 geniti
917 1978 1074 2012 sumus,
1113 1966 1145 2005 si
1184 1980 1276 2006 earn
1314 1980 1398 2006 non
1425 1977 1438 2000 Ι

131 2030 447 2085 deseruerimus.
507 2031 550 2070 id
591 2032 675 2083 egit
717 2045 855 2071 rerum
898 2036 1063 2079 natura,
1107 2038 1155 2072 ut
1197 2035 1251 2073 ad
1292 2034 1398 2073 bene

196 2122 216 2149 4
240 2117 422 2149 exsaniari
445 2119 592 2159 juretus
619 2122 649 2149 et
674 2119 836 2160 Lz'psius,
861 2120 1031 2151 exsanari
1048 2120 1076 2150 A
1175 2126 1192 2152 7
1211 2123 1398 2155 muliebris

133 2175 172 2207 ἔ,
192 2169 352 2201 mulieris
368 2169 397 2199 Α
494 2174 512 2201 9
539 2180 637 2202 nunc
654 2171 783 2202 timide
805 2172 1008 2212 Wesenberg
1099 2177 1137 2204 21
1163 2176 1274 2215 putas
1290 2174 1380 2215 uolg.
