1623 2444
106 319 121 343 Ῑ

150 79 197 114 74
664 67 903 104 SENECA

145 177 325 215 uictoria
354 191 440 216 sua.
501 177 618 215 illum
647 177 879 228 suspiciant
909 181 950 216 et
980 177 1120 216 colant
1149 181 1323 229 gentes:
1371 180 1419 215 tu

144 244 241 282 uiue
272 244 407 283 Bruto
438 244 637 282 miratore
667 244 921 282 contentus!
945 244 952 257 '

233 318 305 352 10.
369 311 487 350 Bene
507 324 603 362 ergo
624 311 794 349 exilium
820 311 919 350 tulit
945 311 1177 357 Marcellus,
1205 323 1280 349 nec
1305 310 1420 361 quic-

148 390 278 428 quam
310 378 352 416 in
383 377 524 416 animo
555 378 643 416 eius
671 378 857 416 mutauit
887 377 966 416 loci
996 378 1193 423 mutatio,
1225 376 1422 428 quamuis

147 457 239 483 earn
273 448 502 496 paupertas
535 449 805 495 sequeretur:
856 444 899 483 in
933 458 1018 495 qua
1051 445 1165 483 nihil
1185 444 1284 483 mali
1319 456 1406 482 esse

148 511 339 562 quisquis
368 512 494 550 modo
525 512 714 550 nondum
744 511 935 562 peruenit
966 511 1008 550 in
1038 511 1246 550 insaniam
1260 505 1422 552 somnia

148 578 435 617 subuertentis
492 578 696 617 auaritiae
753 583 881 629 atque
937 578 1139 624 luxuriae,
1198 577 1417 628 intellegit.

1412 476 1419 489 ³
1443 462 1458 494 5

149 645 405 696 quantulum
430 645 541 684 enim
566 649 641 691 est,
667 645 782 696 quod
806 645 847 684 in
872 645 1053 684 tutelam
1077 644 1258 683 hominis
1282 657 1422 683 neces-
1460 646 1463 649 '

150 712 306 751 sarium
341 713 430 751 est!
491 716 533 751 et
566 712 632 750 cui
667 712 809 751 deesse
843 713 921 750 hoc
954 716 1096 763 potest
1130 712 1260 750 ullam
1293 710 1421 750 modo

150 779 355 818 uirtutem
393 779 602 818 habenti?
664 780 779 829 quod
817 779 870 817 ad
906 792 974 817 me
1011 779 1183 829 quidem
1220 778 1420 829 pertinet,

151 846 347 897 intellego
382 859 449 884 me
485 859 569 884 non
604 858 703 896 opes
738 846 811 885 sed
845 846 1143 897 occupationes
1177 844 1420 896 perdidisse.

151 913 336 964 corporis
352 913 503 963 exigua
518 912 724 951 desideria
739 916 866 951 sunt:
900 913 1030 963 frigus
1045 911 1300 951 summoueri
1316 911 1420 957 uolt,

153 968 364 1019 alimentis
384 980 541 1018 famem
563 992 610 1018 ac
630 979 744 1018 sitim
764 979 1036 1049 extinguere·
1028 1013 1035 1025 ,
1075 978 1283 1030 quidquid
1303 982 1424 1017 extra

1447 793 1483 814 10

152 1047 476 1098 concupiscitur.
508 1046 635 1092 uitiis,
668 1059 751 1085 non
781 1041 926 1085 usibus
955 1046 1186 1085 laboratur.
1246 1058 1330 1084 non
1360 1048 1487 1104 esth

154 1127 319 1153 necesse
369 1126 493 1152 omne
544 1113 796 1164 perscrutari
848 1113 1107 1165 profundum
1159 1125 1232 1151 nec
1285 1098 1436 1162 strage?

154 1181 401 1223 animalium
442 1185 635 1219 uentrem
677 1193 862 1226 onerare,
906 1193 981 1219 nec
1023 1179 1244 1230 conchylia
1284 1177 1424 1217 ultimi

154 1248 282 1287 maris
306 1261 358 1286 ex
383 1247 528 1298 ignoto
552 1247 674 1286 litore
699 1260 841 1286 eruere
861 1259 868 1285 :
911 1247 967 1285 dii
994 1246 1096 1285 istos
1122 1247 1308 1296 deaeque
1333 1257 1424 1296 per-

155 1315 274 1361 dant,
317 1327 498 1366 quorum
539 1314 705 1353 luxuria
747 1318 838 1353 tam
879 1313 1075 1352 inuidiosi
1116 1312 1279 1364 imperii
1321 1311 1425 1350 fines

113 1393 134 1428 3
156 1382 416 1421 transcendit
437 1382 443 1420 !
504 1381 616 1420 ultra
632 1381 788 1420 Phasin
805 1380 897 1432 capi
914 1380 1079 1426 uolunt,
1098 1380 1213 1430 quod
1230 1378 1425 1418 ambitio-

156 1462 246 1488 sam
271 1437 473 1500 popinam
498 1449 695 1494 instruat,
723 1461 798 1486 nec
823 1448 937 1499 piget
964 1460 989 1486 a
1014 1446 1194 1493 Parthis,
1223 1460 1247 1484 a
1271 1445 1426 1496 quibus

157 1516 346 1555 nondum
391 1528 548 1567 poenas
585 1514 842 1566 repetiimus,
890 1528 989 1553 aues
1025 1517 1178 1564 petere.
1238 1513 1426 1563 undique

158 1584 400 1622 conuehunt
449 1582 603 1628 omnia,
650 1585 753 1621 nota
797 1582 946 1633 ignota,
993 1579 1227 1619 fastidienti
1275 1579 1424 1630 gulae;

158 1650 273 1701 quod
303 1650 531 1688 dissolutus
561 1648 718 1687 deliciis
747 1649 992 1687 stomachus
1020 1647 1093 1686 uix
1124 1646 1340 1692 admittat,
1373 1645 1426 1684 ab

160 1717 309 1756 ultimo
329 1720 526 1767 portatur
545 1728 715 1754 oceano
774 1718 953 1754 uomunt
981 1718 1028 1753 ut
1056 1714 1197 1759 edant,
1220 1713 1352 1752 edunt
1378 1716 1426 1751 ut

158 1788 349 1829 uomant,
385 1787 426 1822 et
460 1783 617 1834 epulas,
652 1795 758 1833 quas
790 1786 883 1820 toto
916 1781 1015 1820 orbe
1048 1780 1316 1831 conquirunt,
1352 1792 1427 1818 nec

159 1863 418 1901 concoquere
443 1850 683 1901 dignantur.
743 1849 826 1887 ista
849 1848 882 1887 si
907 1848 1001 1899 quis
1025 1847 1216 1899 despicit,
1242 1846 1345 1897 quid
1370 1845 1427 1884 illi

159 1922 389 1969 paupertas
416 1917 573 1956 nocet?
635 1916 668 1955 si
695 1915 788 1966 quis
815 1914 1086 1966 concupiscit,
1115 1914 1172 1952 illi
1199 1917 1428 1965 paupertas

1448 1108 1497 1159 15Ἰ

1447 1462 1486 1483 20

1448 1794 1486 1827 25

161 1985 290 2023 etiam
309 1984 479 2036 prodest
501 1996 508 2022 2
546 1983 705 2022 inuitus
723 1982 834 2021 enim
853 1986 1028 2021 sanatur
1047 1985 1101 2027 et,
1123 1981 1155 2019 si
1175 1980 1359 2019 remedia
1377 1992 1428 2018 ne

161 2056 333 2090 coactus
352 2051 523 2102 quidem
541 2050 700 2101 recipit,
720 2049 887 2088 interim
908 2053 1032 2094 certe,
1049 2048 1149 2087 dum
1171 2060 1254 2086 non
1271 2050 1427 2098 potest,

231 2145 248 2171 9
274 2144 330 2171 est
367 2140 475 2175 Gertz,
511 2139 559 2170 sit
592 2139 620 2169 A
718 2142 756 2169 22
783 2138 911 2179 ignota
946 2138 1025 2169 add.
1066 2137 1186 2168 Gertz:
1229 2139 1318 2166 nota
1364 2134 1429 2166 del.

163 2192 290 2233 Haupt
381 2195 419 2223 29
445 2191 591 2232 recipit:
629 2190 765 2230 recepit
790 2190 817 2220 A
