1623 2444
185 75 230 97 10
713 65 951 101 SENECA

178 174 320 210 totum
345 171 423 223 ipsi
449 171 633 211 uacauit.
693 172 795 211 nihil
821 172 918 212 inde
943 173 1151 213 incultum
1177 174 1447 226 otiosumque

178 237 320 284 iacuit,
347 238 450 277 nihil
474 239 553 278 sub
579 239 659 278 alio
684 239 778 286 fuit,
806 253 941 290 neque
966 240 1077 279 enim
1101 241 1331 292 quicquam
1356 255 1447 294 rep-

177 305 285 356 perit
327 305 501 356 dignum
542 306 657 357 quod
698 319 794 345 cum
836 311 1025 358 tempore
1067 321 1142 346 suo
1183 312 1445 359 permutaret

143 394 148 395 ν
176 376 320 412 custos
356 372 443 411 eius
479 373 759 424 parcissimus.
819 374 964 425 itaque
1001 375 1103 413 satis
1139 375 1196 413 illi
1234 375 1342 414 fuit:
1397 376 1447 415 iis

176 451 276 478 uero
310 452 476 478 necesse
510 444 572 479 est
607 439 799 486 defuisse,
837 454 887 479 ex
922 454 1102 492 quorum
1136 442 1227 481 uita
1260 444 1446 482 multum
1468 456 1485 488 5

134 513 156 548 6
175 506 358 557 populus
377 506 488 545 tulit.
548 520 623 546 nec
643 511 705 546 est
725 508 840 558 quod
859 512 983 559 putes
1002 521 1087 547 non
1106 509 1197 548 illos
1217 509 1445 560 aliquando

175 572 414 624 intellegere
449 574 654 613 damnum
690 587 840 613 suum:
895 575 1116 626 plerosque
1151 580 1263 615 certe
1300 577 1446 616 audies

175 652 227 678 ex
265 640 314 679 iis
347 653 453 690 quos
486 654 641 692 magna
674 641 853 680 felicitas
886 646 1050 693 grauat,
1085 645 1195 681 inter
1228 643 1445 682 clientium

174 719 317 758 greges
349 711 422 746 aut
456 721 679 747 causarum
716 709 902 748 actiones
939 713 1012 748 aut
1050 717 1210 749 ceteras
1246 711 1445 750 honestas

175 773 363 813 miserias
379 775 615 814 exclamare
631 776 844 815 interdum
866 788 872 814 :
909 775 917 789 ‘
938 776 1080 815 uiuere
1096 777 1198 815 mihi
1216 790 1300 816 non
1317 777 1442 817 licet.'
1470 787 1508 809 10

134 856 153 895 7
174 841 322 892 quidni
348 854 431 880 non
457 842 580 881 liceat
601 843 615 881 Ρ
677 855 822 881 omnes
847 843 917 889 illi,
945 843 1016 894 qui
1043 848 1086 882 te
1111 843 1188 882 sibi
1215 844 1441 891 aduocant,

175 907 253 946 tibi
287 908 518 948 abducunt.
578 909 645 948 1116
680 923 774 948 reus
809 914 914 960 quot
957 910 1061 969 61165
1082 911 1294 970 abstulit?
1336 915 1441 962 quot

174 974 241 1014 ille
272 975 560 1015 candidatus?
596 980 702 1028 quot
735 977 805 1015 illa
830 990 935 1016 anus
967 978 1187 1017 efferendis
1219 978 1442 1018 heredibus

175 1042 318 1081 lassa?
365 1046 471 1093 quot
512 1043 579 1082 ille
623 1044 676 1082 ad
713 1043 963 1082 irritandam
1006 1045 1230 1083 auaritiam
1268 1049 1443 1096 captan-

174 1109 282 1148 tium
314 1109 538 1149 simulatus
570 1111 724 1162 aeger?
765 1115 870 1161 quot
906 1111 973 1150 ille
1013 1112 1228 1162 potentior
1269 1112 1440 1159 amicus,
1468 1127 1504 1159 15

173 1176 245 1227 qui
278 1189 355 1216 uos
388 1189 473 1216 non
505 1177 549 1216 in
583 1177 814 1217 amicitiam
847 1178 919 1216 sed
953 1178 995 1217 in
1030 1183 1239 1230 apparatu
1273 1179 1437 1219 habet?

172 1243 389 1295 dispunge,
414 1243 601 1295 inquam,
626 1249 666 1284 et
691 1258 855 1284 recense
878 1245 992 1284 uitae
1015 1249 1114 1284 tuae
1136 1246 1240 1285 dies:
1280 1245 1443 1286 uidebis

131 1316 153 1352 8
172 1323 330 1362 paucos
352 1311 582 1350 admodum
604 1315 645 1350 et
667 1312 842 1351 reiculos
864 1316 967 1364 aput
989 1316 1032 1351 te
1053 1312 1264 1352 resedisse.
1325 1313 1442 1353 adse-

172 1381 296 1417 cutus
331 1378 399 1417 ille
438 1391 544 1429 quos
582 1383 807 1430 optauerat
857 1380 990 1420 fasces
1036 1380 1152 1431 cupit
1198 1393 1352 1431 ponere
1399 1385 1441 1420 et

172 1444 350 1484 subinde
395 1446 497 1486 dicit
517 1458 524 1484 :
589 1446 596 1459 ‘
617 1446 789 1497 quando
834 1447 900 1486 hic
946 1460 1081 1487 annus
1124 1448 1371 1499 praeteribit
1392 1449 1406 1488 ?
1431 1449 1439 1462 '
1463 1458 1503 1480 20

172 1512 274 1551 facit
300 1512 367 1551 ille
391 1513 525 1559 ludos,
552 1525 734 1564 quorum
759 1518 916 1553 sortem
941 1515 1018 1554 sibi
1045 1515 1261 1567 optingere
1287 1528 1441 1567 magno

172 1579 415 1619 aestimauit
435 1592 442 1619 ς
514 1580 522 1593 ‘
542 1580 715 1631 quando
735 1581 742 1594 '
797 1581 935 1632 inquit
989 1582 997 1595 ‘
1018 1582 1121 1620 istos
1173 1582 1371 1633 effugiam
1391 1583 1406 1622 ?
1431 1583 1439 1596 '

171 1645 369 1697 diripitur
398 1647 466 1686 ille
496 1650 589 1685 toto
620 1647 711 1686 foro
741 1653 947 1699 patronus
978 1652 1019 1687 et
1050 1661 1204 1700 magno
1235 1661 1441 1688 concursu

170 1713 314 1752 omnia
337 1714 450 1753 ultra
473 1726 604 1764 quam
629 1714 763 1753 audiri
787 1719 929 1766 potest
954 1716 1137 1767 complet
1158 1728 1165 1754 :
1209 1716 1217 1729 ‘
1238 1716 1410 1767 quando
1430 1716 1439 1730 '

170 1779 308 1830 inquit
330 1780 338 1793 ‘
359 1793 423 1820 res
441 1780 709 1832 proferentur
727 1782 742 1820 ?
766 1782 774 1795 '
833 1782 1085 1834 praecipitat
1106 1783 1285 1834 quisque
1303 1783 1441 1822 uitam
1463 1798 1501 1830 25

169 1859 291 1885 suam
315 1851 356 1885 et
381 1847 513 1886 futuri
538 1847 743 1887 desiderio
766 1848 945 1894 laborat,
971 1850 1258 1901 praesentium
1283 1850 1437 1890 taedio.
1463 1883 1465 1885 .

129 1931 149 1965 9
170 1916 214 1952 at
243 1913 310 1952 ille
337 1914 409 1965 qui
423 1903 611 1953 s'nulluffs
624 1904 910 1967 *n‘on‘tempus
937 1916 979 1954 in
1007 1929 1108 1955 usus
1135 1929 1233 1955 suos
1260 1917 1437 1964 confert,

169 1980 241 2031 qui
280 1993 449 2020 omnem
488 1981 600 2020 diem
639 1985 861 2033 tamquam
900 1983 1099 2022 ultimum
1139 1983 1320 2030 ordinat,
1362 1997 1443 2029 nec

168 2050 292 2098 optat
331 2048 563 2087 crastinum
603 2062 678 2088 nec
717 2049 853 2088 timet.
913 2050 1015 2100 quid
1055 2050 1166 2089 enirn
1206 2054 1282 2095 est,
1323 2051 1439 2101 quod

241 2145 259 2172 6
274 2151 346 2172 non
362 2142 523 2182 Madvig,
541 2141 625 2173 hinc
639 2142 685 2179 A,
702 2143 771 2173 hoc
789 2144 813 2172 fi
834 2143 902 2181 (tle.
925 2144 1011 2181 non)
1031 2143 1121 2174 com'.
1143 2144 1240 2175 Gertz
1302 2147 1341 2174 18
1359 2143 1438 2175 reii-

170 2193 272 2224 culos
289 2193 475 2230 Erasmus,
497 2192 669 2224 ridiculos
685 2193 714 2224 A
812 2198 851 2224 28
876 2194 1048 2225 0111111011]
1068 2195 1223 2235 Bentley,
1244 2194 1360 2225 uitam
1380 2194 1409 2224 A
