1623 2444
217 30 265 66 82
723 30 961 68 SENECA

217 145 374 187 tamen,
401 141 473 192 qui
498 141 540 180 in
564 141 714 180 faciem
739 141 826 180 eius
850 141 1076 192 inspueret.
1135 145 1302 193 poterat
1328 141 1382 180 ob
1406 142 1486 180 hoc

216 209 393 247 moleste
413 208 531 255 ferre,
555 209 670 259 quod
691 208 850 247 sciebat
872 208 1083 247 neminem
1104 208 1147 247 id
1169 221 1370 247 ausurum
1390 208 1485 260 puri

217 276 300 314 oris
320 287 328 321 ;
349 279 392 314 at
413 275 479 314 ille
498 275 695 314 abstersit
715 274 866 314 faciem
885 278 925 314 et
945 275 1165 314 subridens
1185 275 1243 314 ait
1262 274 1485 314 comitanti

217 356 260 381 se
288 341 585 394 magistratui:
633 342 641 356 ‘
663 342 843 381 admone
872 341 1014 388 istum,
1046 355 1098 380 ne
1126 346 1275 394 postea
1304 345 1394 380 tam
1424 341 1486 380 in-

217 409 348 461 probe
390 409 568 460 oscitet.¹
627 409 706 447 hoc
749 408 829 448 fuit
872 409 1173 447 contumeliam
1216 408 1295 460 ipsi
1337 412 1486 447 contu·
1504 417 1521 450 5

174 493 196 528 3
216 476 365 516 meliae
392 476 540 515 facere.
599 476 683 515 scio
709 475 917 528 quosdam
944 475 1080 514 dicere
1106 472 1355 527 contemptu
1383 475 1483 514 nihil

217 556 304 582 esse
331 543 513 594 grauius,
542 546 723 582 mortem
751 542 851 595 ipsis
877 542 1086 594 potiorem
1113 542 1258 581 uideri.
1318 542 1382 581 his
1409 554 1484 593 ego

217 610 477 662 respondebo
526 613 568 649 et
616 609 786 649 exilium
834 622 959 661 saepe
1006 609 1321 661 contemptione
1369 609 1483 648 omni

216 689 382 716 carere:
433 677 466 716 si
500 690 679 728 magnus
711 677 776 716 uir
809 676 973 723 cecidit,
1008 689 1187 728 magnus
1220 676 1363 722 iacuit,
1399 688 1484 715 non

215 745 348 796 magis
370 744 487 783 illum
509 744 736 790 contemni,
760 756 889 795 quam
913 743 1081 782 aedium
1103 755 1317 782 sacrarum
1339 742 1484 782 ruinae
1508 756 1546 779 10

215 812 444 858 calcantur,
466 824 572 862 quas
591 811 768 862 religiosi
789 824 920 861 aeque
940 823 987 849 ac
1007 807 1161 849 stantis
1181 810 1386 866 adorant„

175 905 188 927 1
300 887 371 933 14.
433 878 643 929 Quoniam
684 890 778 917 meo
820 878 988 917 nomine
1030 877 1133 916 nihil
1175 877 1316 923 habes,
1347 881 1485 916 mater

213 946 440 992 carissima,
465 945 580 997 quod
602 949 645 984 te
667 944 709 984 in
732 944 919 983 infinitas
940 944 1134 983 lacrimas
1157 948 1269 996 agat,
1293 944 1484 995 sequitur

213 1016 260 1051 ut
282 1026 432 1052 causae
452 1016 551 1051 tuae
571 1016 614 1051 te
633 1012 865 1051 stimulent.
925 1016 1023 1050 sunt
1045 1016 1189 1051 autem
1209 1012 1318 1050 duae
1338 1023 1346 1050 2
1383 1024 1482 1050 nam

214 1084 288 1119 aut
316 1080 420 1119 illud
447 1084 489 1119 te
516 1083 674 1125 mouet,
704 1079 820 1130 quod
845 1078 1102 1131 praesidium
1130 1078 1303 1130 aliquod
1328 1077 1483 1117 uideris
1507 1094 1543 1126 15

214 1147 413 1193 amisisse,
452 1150 526 1185 aut
563 1146 679 1192 illud,
717 1146 832 1197 quod
868 1145 1121 1185 desiderium
1157 1145 1296 1197 ipsum
1332 1158 1406 1197 per
1441 1158 1484 1184 se

212 1215 303 1266 pati
330 1227 414 1253 non
439 1217 573 1266 potes.

294 1281 413 1320 Prior
444 1294 542 1332 pars
573 1279 676 1320 mihi
709 1280 858 1319 leuiter
890 1279 1211 1332 perstringenda
1243 1283 1335 1326 est;
1384 1278 1482 1317 noui

213 1348 324 1387 enim
349 1348 538 1387 animum
563 1351 686 1386 tuum
711 1346 814 1386 nihil
838 1346 879 1385 in
904 1346 989 1385 suis
1012 1350 1179 1398 praeter
1202 1346 1315 1398 ipsos
1339 1358 1484 1385 aman-

214 1420 312 1454 tem.
371 1415 555 1454 uiderint
574 1414 668 1452 illae
684 1418 855 1459 matres,
875 1426 984 1464 quae
1000 1413 1239 1465 potentiam
1256 1413 1482 1451 liberorum
1503 1428 1544 1451 20

211 1482 404 1522 muliebri
453 1481 692 1534 inpotentia
739 1484 948 1527 exercent,
998 1493 1119 1532 quae,
1169 1480 1269 1531 quia
1316 1479 1483 1519 feminis

211 1550 390 1589 honores
422 1562 507 1587 non
539 1548 635 1587 licet
668 1560 820 1599 gerere,
854 1560 929 1599 per
961 1547 1052 1586 illos
1085 1547 1334 1586 ambitiosae
1367 1551 1480 1593 sunt,

211 1630 319 1668 quae
350 1615 608 1668 patrimonia
639 1615 819 1653 filiorum
852 1618 893 1653 et
926 1614 1179 1653 exhauriunt
1214 1618 1255 1652 et
1287 1617 1479 1666 captant,

168 1709 189 1745 3
211 1696 321 1735 quae
360 1682 645 1734 eloquentiam
685 1681 994 1720 commodando
1035 1681 1125 1719 aliis
1164 1681 1375 1732 fatigant:
1432 1684 1480 1719 tu

211 1751 437 1789 liberorum
470 1753 641 1789 tuorum
674 1749 795 1787 bonis
827 1748 1056 1799 plurimum
1088 1748 1236 1799 gauisa
1268 1760 1323 1794 es,
1359 1747 1480 1787 mini·
1499 1767 1540 1799 25

211 1831 327 1857 mum
358 1830 446 1856 usa.
505 1821 554 1855 tu
581 1815 824 1854 liberalitati
855 1819 1024 1854 nostrae
1052 1827 1216 1867 semper
1242 1813 1480 1866 imposuisti

211 1885 399 1931 modum,
427 1896 523 1923 cum
549 1887 648 1922 tuae
673 1895 757 1922 non
788 1882 1052 1933 imponeres;
1101 1886 1150 1921 tu
1180 1881 1266 1920 filia
1296 1881 1480 1920 familiae

211 1951 492 2004 locupletibus
535 1950 629 1989 filiis
671 1950 783 1988 ultro
827 1949 1043 1988 contulisti
1063 1960 1072 1996 ;
1132 1952 1181 1987 tu
1224 1948 1481 2000 patrimonia

213 2023 358 2059 nostra
374 2018 432 2057 sic
449 2016 768 2062 administrasti,
789 2019 835 2055 ut
853 2020 1076 2067 tamquam
1093 2015 1136 2055 in
1153 2015 1238 2054 tuis
1254 2015 1478 2061 laborares,

212 2090 434 2137 tamquam
482 2084 626 2123 alienis
673 2083 932 2130 abstineres;
995 2086 1044 2121 tu
1089 2082 1250 2134 gratiae
1296 2085 1478 2128 nostrae,
1499 2098 1540 2131 30

322 2168 339 2195 9
367 2164 462 2195 iacet
477 2162 576 2194 Gertz
668 2171 775 2193 nemo
794 2161 909 2202 magis
926 2161 1029 2192 illum
1046 2159 1253 2192 contemnit
1268 2159 1367 2191 Gertz
