1623 2444
502 33 590 68 AD
618 33 692 69 ΡΑ
710 33 949 70 VLJNVM
1335 45 1352 79 7

91 140 209 187 bant,
252 141 493 193 Paulusque
532 146 573 181 et
613 142 768 181 iterum
808 143 1000 181 timenda
1038 156 1135 182 cum
1174 144 1361 182 Antonio

91 208 250 247 mulier.
310 208 414 247 haec
442 209 582 248 ulcera
610 223 708 248 curn
737 210 837 260 ipsis
865 210 1065 249 membris
1095 210 1359 249 absciderat:

91 274 174 313 alia
211 275 577 315 subnascebantur
595 289 604 323 ;
661 277 778 315 uelut
818 289 946 327 graue
984 277 1121 315 multo
1160 277 1362 328 sang-uine

91 354 241 393 corpus
291 345 412 393 parte
461 356 625 395 semper
675 343 817 394 aliqua
866 343 1155 395 rumpebatur.
1215 344 1361 395 itaque

55 408 226 454 sotium
260 409 454 460 optabat,
490 410 533 449 in
567 410 691 449 huius
725 423 798 461 spe
832 414 873 449 et
908 410 1165 461 cogitatione
1198 411 1362 450 labores

91 475 178 514 eius
206 476 460 522 residebant,
492 477 570 516 hoc
598 481 751 516 uotum
779 480 869 516 erat
898 477 998 523 eius,
1030 478 1102 528 qui
1131 478 1221 516 uoti
1250 490 1361 516 com-

89 546 211 594 potes
237 543 373 582 facere
398 547 579 594 poterat.

172 616 217 663 5.
278 611 331 649 M.
367 610 510 649 Cicero
553 611 663 649 inter
706 610 921 656 Catilinas,
967 611 1133 650 Clodios
1177 611 1397 651 iactatus1

90 676 398 729 Pompeiosque
423 681 465 716 et
486 677 668 723 Crassos,
691 677 849 729 partim
874 678 1122 716 manifestos
1155 678 1358 724 inimicos,

34 758 72 780 10
90 743 248 794 partim
268 744 419 783 dubios
441 744 609 790 amicos,
633 745 735 783 dum
756 745 990 783 fluctuatur
1010 757 1107 783 curn
1128 758 1170 783 re
1191 745 1361 796 publica

89 814 130 848 et
162 810 277 849 illam
307 824 477 863 pessum
508 815 680 850 euntem
711 816 842 857 tenet,
876 811 1102 857 nouissime
1134 812 1357 858 abductus,

89 890 163 916 nec
194 879 387 917 secundis
416 878 540 917 rebus
569 879 738 929 quietus
768 892 843 917 nec
874 870 1149 917 aduersarum
1176 879 1356 930 patiens,

87 944 284 995 quotiens
325 946 444 984 illurn
486 945 625 996 ipsum
667 946 936 984 consulatum
978 959 1102 984 suum
1144 959 1228 985 non
1271 946 1359 985 sine

87 1024 215 1050 causa
259 1012 332 1051 sed
376 1012 464 1051 sine
508 1012 590 1051 fine
634 1012 858 1051 laudatum
903 1013 1167 1052 detestatur!
1228 1026 1357 1064 quam
1383 1030 1400 1052 2

31 1091 66 1124 15
86 1078 244 1117 flebiles
260 1092 385 1118 uoces
402 1079 600 1130 exprimit
617 1079 660 1118 in
677 1080 864 1130 quadam
882 1080 935 1118 ad
951 1080 1145 1119 Atticum
1162 1080 1355 1131 epistula,

86 1144 171 1184 iam
207 1146 321 1184 uicto
358 1153 480 1197 patre
518 1147 731 1198 Pompeio,
772 1147 910 1185 adhuc
947 1147 1032 1185 filio
1069 1147 1112 1185 in
1150 1147 1358 1199 Hispania

86 1211 222 1251 fracta
257 1226 375 1252 arma
409 1213 652 1252 refouente!
715 1214 847 1264 ‘quid
883 1214 1033 1264 agam'
1070 1214 1209 1265 inquit
1246 1214 1254 1227 ‘
1275 1214 1354 1261 hic,

85 1279 285 1330 quaeris?
347 1293 487 1319 moror
515 1280 557 1318 in
587 1280 825 1319 Tusculano
856 1293 950 1319 meo
979 1281 1215 1320 semiliber.'
1275 1281 1358 1320 alia

85 1346 281 1398 deinceps
303 1347 445 1393 adicit,
469 1347 624 1398 quibus
646 1352 687 1386 et
708 1347 891 1399 priorem
913 1352 1099 1387 aetatem
1120 1348 1355 1399 complorat

26 1430 67 1452 20
85 1417 127 1451 et
148 1413 200 1452 de
220 1414 431 1465 praesenti
453 1414 644 1465 queritur
664 1419 705 1453 et
728 1415 779 1453 de
800 1415 946 1453 futura
966 1414 1174 1466 desperat.
1234 1415 1355 1454 semi·
1377 1435 1398 1470 3

84 1480 263 1519 liberum
294 1494 336 1520 se
368 1481 475 1520 dixit
507 1481 676 1520 Cicero:
702 1469 736 1520 Γ
727 1486 771 1520 at
803 1495 870 1520 me
901 1482 1088 1521 hercules
1120 1495 1355 1533 numquam

84 1547 250 1598 sapiens
276 1548 327 1586 *in
362 1552 453 1586 tam
487 1548 644 1587 humile
680 1561 834 1587 nomen
868 1549 1081 1599 procedet,
1120 1562 1354 1600 numquam

83 1614 293 1653 semiliber
325 1615 415 1661 erit,
451 1615 638 1666 integrae
671 1628 835 1667 semper
866 1615 1075 1655 libertatis
1108 1620 1149 1655 et
1182 1616 1352 1663 solidae,

84 1681 247 1720 solutus
268 1685 310 1720 et
333 1682 396 1720 sui
417 1682 518 1721 iuris
539 1686 581 1720 et
605 1682 729 1721 altior
749 1683 909 1721 ceteris.
969 1683 1073 1733 quid
1094 1683 1206 1722 enim
1227 1696 1354 1735 supra

26 1763 63 1797 25
84 1760 181 1786 eum
207 1752 349 1799 potest
377 1761 476 1794 esse,
507 1749 579 1800 qui
607 1762 736 1800 supra
762 1750 980 1788 fortunam
1007 1750 1105 1807 est}

167 1810 211 1856 6.
271 1815 415 1854 Liuius
453 1816 628 1862 Drusus,
669 1816 734 1855 uir
772 1829 866 1855 acer
904 1820 945 1855 et
976 1806 1216 1863 uehemens,
1252 1830 1351 1856 cum
1378 1833 1393 1857 1

83 1881 192 1932 leges
232 1894 364 1920 nouas
404 1886 446 1920 et
486 1883 599 1921 mala
638 1883 886 1925 Gracchana
926 1884 1127 1923 mouisset
1168 1874 1353 1936 stipatus

82 1948 242 1999 ingenti
272 1948 405 1988 totius
436 1949 586 1988 Italiae
615 1954 751 1996 coetu,
785 1951 947 1990 exitum
977 1963 1117 1990 rerum
1146 1963 1231 1990 non
1261 1964 1353 2003 per-

152 2062 169 2088 1
197 2058 409 2099 Paulusque
430 2059 565 2095 Ruben,
590 2059 745 2100 plusque
763 2059 791 2089 A
892 2063 911 2089 4
938 2060 1044 2097 parte
1062 2068 1206 2099 semper
1229 2058 1353 2101 aliqua

85 2109 328 2150 rumpebatur
340 2109 488 2146 Gronov,
503 2112 627 2150 partes
643 2120 787 2151 semper
800 2110 890 2151 aliq:
919 2110 1190 2151 rumpebantur
1203 2111 1232 2141 A
1315 2116 1354 2142 15

85 2161 132 2192 ad
151 2160 287 2192 Axium
304 2161 455 2202 Lipsius
472 2161 548 2193 coll.
568 2162 664 2194 Suet.
683 2163 755 2194 Iul.
774 2174 795 2202 9
