1623 2444
192 60 236 96 72
703 51 941 89 SENECA

151 182 163 205 1
270 167 311 212 9.
375 159 383 173 ‘
403 160 460 198 At
486 173 570 199 non
595 164 657 199 est
684 161 787 200 haec
813 165 925 200 terra
950 162 1246 213 frugiferarum
1274 167 1348 202 aut
1373 163 1455 202 lae-

189 229 330 264 tarum
351 226 549 266 arborum
575 227 692 266 ferax
710 240 719 274 ;
758 241 842 267 non
861 229 1026 280 magnis
1048 242 1124 268 1166
1143 229 1458 281 nauigabilibus

187 292 410 331 fluminum
445 294 574 333 alueis
610 294 816 345 inrigatur
835 307 843 342 ;
893 295 995 334 nihil
1035 296 1168 347 gignit
1203 297 1319 347 quod
1352 297 1457 336 aliae

187 363 333 410 gentes
365 364 529 411 petant,
565 361 637 400 uix
672 362 725 400 ad
759 362 939 401 tutelam
972 362 1246 402 incolentium
1280 363 1456 410 fertilis;

188 439 272 465 non
297 426 507 478 pretiosus
532 427 599 467 hic
623 428 730 480 lapis
755 429 957 475 caeditur,
986 442 1070 468 non
1096 430 1185 468 auri
1212 430 1458 486 argentique
1479 440 1496 473 5

147 505 165 528 2
187 506 320 532 1161136
340 495 573 534 eruuntur!
633 500 837 546 angustus
858 496 1022 535 animus
1042 501 1118 542 est,
1145 510 1271 548 quem
1292 483 1459 536 terrena

188 560 401 599 delectant
422 572 429 599 :
468 561 522 599 ad
540 561 611 600 illa
630 562 903 602 abducendus
923 567 998 609 est,
1020 576 1129 614 quae
1148 564 1305 615 ubique
1326 577 1458 615 aeque

188 631 409 678 apparent,
425 628 582 679 ubique
597 641 728 680 aeque
742 629 976 681 splendent.
1032 618 1077 668 {t
1093 631 1171 669 hoc
1184 631 1457 682 cogitandum

188 698 264 740 est,
287 694 369 733 ista
389 695 499 733 ueris
518 695 640 734 bonis
660 709 734 747 per
754 696 860 735 falsa
880 701 921 735 et
942 710 1072 748 praue
1093 697 1254 736 credita
1273 698 1476 756 obstares

187 773 272 811 quo
300 761 506 812 longiores
533 762 721 813 porticus
749 764 1024 814 expedierint,
1055 777 1139 815 quo
1169 764 1295 803 altius
1323 769 1458 804 turres
1482 781 1520 803 10

188 828 448 875 sustulerint,
476 841 572 886 quo
585 829 713 868 latius
738 830 853 869 uicos
878 831 1153 882 porrexerint,
1181 844 1266 882 quo
1292 832 1458 895 depres-

188 894 273 934 sius
295 895 479 934 aestiuos
499 895 647 947 specus
667 896 863 943 foderint
886 910 970 948 quo
991 898 1139 936 maiori
1160 898 1269 937 mole
1290 887 1459 948 fastigia

187 962 458 1001 cenationum
504 963 797 1010 subduxerint,
840 964 918 1003 1106
963 964 1058 1015 plus
1109 965 1186 1003 6111
1226 965 1341 1016 quod
1379 965 1459 1004 illis

146 1041 167 1076 3
188 1028 351 1068 caelum
378 1029 624 1068 abscondat.
685 1030 727 1069 in
753 1043 846 1069 eam
872 1035 915 1070 te
940 1031 1150 1082 regionem
1176 1045 1298 1071 casus
1323 1032 1457 1078 eiecit,
1492 1054 1495 1057 ·

189 1096 232 1134 in
266 1109 352 1146 qua
385 1096 669 1135 lautissimum
703 1098 1015 1149 receptaculum
1051 1111 1148 1137 casa
1182 1103 1272 1138 est:
1325 1112 1377 1138 ne
1410 1103 1459 1138 tu
1483 1114 1519 1148 15

189 1163 328 1214 pusilli
360 1163 488 1202 animi
519 1176 561 1202 es
591 1168 632 1202 et
663 1164 828 1203 sordide
857 1177 901 1203 se
929 1165 1198 1211 consolantis,
1229 1166 1262 1204 si
1294 1165 1387 1204 ideo
1416 1165 1459 1204 id

190 1230 357 1268 fortiter
383 1230 553 1282 pateris,
583 1230 684 1281 quia
712 1231 882 1269 Romuli
910 1244 1051 1293 casam
1079 1232 1202 1271 nosti.
1263 1232 1329 1271 dic
1356 1232 1460 1272 illud

189 1296 360 1348 potius:
425 1297 569 1336 ‘istud
616 1297 772 1337 humile
818 1273 1033 1350 tugurium
1081 1312 1231 1351 nempe
1277 1299 1460 1339 uirtutes

190 1363 337 1415 recipit
357 1363 372 1402 ?
433 1363 517 1402 iam
550 1364 746 1404 omnibus
779 1365 948 1417 templis
980 1366 1203 1405 formosius
1235 1366 1327 1413 erit,
1361 1379 1459 1405 curn

190 1430 272 1469 11116
303 1430 467 1469 iustitia
498 1435 725 1482 conspecta
754 1431 893 1478 fuerit,
927 1445 1023 1471 cum
1054 1433 1329 1480 continentia,
1362 1446 1459 1472 cum
1480 1445 1520 1467 20

190 1497 429 1550 prudentia,
467 1498 616 1549 pietas,
653 1498 842 1537 omnium
878 1499 1109 1538 officiorum
1145 1504 1257 1539 recte
1292 1500 1458 1552 dispen-

191 1564 419 1603 sandorum
449 1565 570 1611 ratio,
603 1565 885 1604 humanorum
915 1566 1240 1618 diuinorumque
1269 1567 1455 1606 scientia.

192 1632 330 1670 nullus
361 1636 566 1682 angustus
595 1636 658 1670 est
687 1632 815 1678 locus,
848 1631 920 1683 qui
950 1633 1058 1672 hanc
1088 1637 1178 1672 13111
1207 1646 1458 1686 magnarum

191 1698 402 1738 uirtutum
430 1698 602 1737 turbam
631 1699 773 1750 capit;
819 1699 980 1738 nullum
1010 1700 1180 1739 exilium
1215 1714 1343 1752 graue
1379 1704 1455 1748 est,

148 1780 171 1813 4
191 1765 234 1804 in
263 1765 379 1816 quod
407 1765 503 1804 licet
534 1778 630 1804 cum
660 1766 738 1804 1106
767 1765 825 1804 116
854 1767 1089 1806 comitatu.'
1148 1767 1308 1806 Brutus
1337 1767 1380 1807 in
1409 1780 1457 1807 eo
1477 1778 1517 1812 25

191 1832 296 1871 libro
329 1845 455 1883 quem
488 1832 540 1870 de
568 1832 728 1871 uirtute
759 1833 1010 1884 composuit,
1046 1834 1105 1872 ait
1139 1847 1181 1872 se
1214 1835 1457 1873 Marcellum

191 1899 345 1938 uidisse
398 1898 611 1950 Mytilenis
664 1899 905 1938 exulantem
959 1904 1013 1946 et,
1068 1905 1278 1952 quantum
1330 1902 1457 1940 modo

191 1970 345 2005 natura
402 1965 583 2004 hominis
639 1970 868 2017 pateretur,
928 1956 1168 2006 beatissime
1224 1968 1454 2015 uiuentem,

191 2045 326 2084 neque
359 2045 564 2083 umquam
600 2032 857 2084 cupidiorem
892 2033 1099 2073 bonarum
1136 2034 1291 2074 artium
1326 2047 1456 2086 quam

256 2125 274 2152 9
292 2130 356 2161 per
370 2120 432 2151 uix
446 2131 575 2152 sanum
589 2121 729 2152 uidetur
791 2125 828 2151 11
848 2122 1078 2162 porrexerint
1085 2121 1299 2159 Pincianus,
1313 2131 1456 2154 correx-

190 2172 286 2205 erint
300 2171 328 2201 A
403 2176 441 2202 15
466 2171 695 2202 laxissimum
712 2171 915 2203 Pincianus
983 2177 1021 2204 25
1046 2174 1145 2215 quod
1163 2173 1313 2210 Fickert,
1330 2183 1404 2215 quo
1421 2173 1450 2204 A
