1623 2444
514 33 603 70 AD
632 33 706 69 ΡΑ
724 33 963 69 VLJNVM
1372 45 1393 80 9

119 140 176 180 rei
205 140 283 180 nisi
312 140 411 180 uino
449 154 497 180 ac
532 140 695 179 libidini
724 144 880 179 uacant
901 153 910 186 ;
956 140 1058 179 nulli
1088 140 1199 179 enim
1228 141 1394 192 turpius

118 207 314 262 occupati
351 211 463 247 sunt.
523 208 649 247 ceteri
685 207 850 246 etiamsi
887 221 999 246 uana
1028 207 1182 258 gloriae
1212 207 1392 258 imagine

119 278 356 320 teneantur,
384 275 568 326 speciose
592 278 737 313 tamen
762 279 902 313 errant
924 286 932 320 ;
975 274 1071 312 licet
1098 287 1248 313 auaros
1273 274 1388 320 mihi,

118 341 215 380 licet
244 341 466 380 iracundos
495 354 712 380 enumeres
740 341 807 380 uel
837 341 934 379 odia
962 345 1206 380 exercentes
1233 341 1391 379 iniusta

84 421 100 453 5
118 408 185 447 uel
209 408 331 454 bella,
358 421 503 447 omnes
527 408 597 447 isti
621 408 782 447 uirilius
806 412 985 459 peccant
1006 420 1013 446 :
1056 408 1098 446 in
1124 412 1317 446 uentrem
1343 421 1390 447 ac

119 474 336 514 libidinem
374 475 658 526 proiectorum
697 475 920 513 inhonesta
958 474 1075 513 labes
1114 479 1189 513 est.
1249 474 1391 513 omnia

119 541 297 591 istorum
312 546 505 594 tempora
521 547 693 587 excute,
725 542 864 593 aspice
883 555 1013 592 quam
1033 541 1105 580 diu
1125 546 1387 593 computent,

119 621 250 659 quam
278 609 350 647 diu
379 609 642 663 insidientur,
674 622 803 659 quam
833 608 905 647 diu
934 608 1127 654 timeant,
1159 622 1289 659 quam
1317 608 1390 647 diu

119 675 273 721 colant
304 688 435 726 quam
463 675 535 714 diu
564 676 770 721 colantur,
801 680 1012 726 quantum
1040 675 1286 714 uadimonia
1314 689 1390 714 sua

64 759 102 780 ιο
120 746 250 793 atque
278 742 413 781 aliena
440 746 660 793 occupent,
691 747 902 793 quantum
929 742 1139 788 conuiuia,
1169 755 1278 793 quae
1304 742 1389 781 iam

119 808 210 860 ipsa
245 809 382 847 officia
415 813 542 848 sunt:
591 808 767 855 uidebis,
806 809 1166 860 quemadmodum
1202 809 1293 848 illos
1329 822 1388 847 re-

119 875 275 927 spirare
297 889 381 914 non
403 876 544 915 sinant
566 876 632 914 uel
654 876 767 914 mala
789 889 865 914 sua
886 876 951 914 uel
973 876 1097 914 bona.

200 943 392 993 Denique
423 942 533 981 inter
563 955 709 982 omnes
740 943 937 982 conuenit
971 943 1131 981 nullam
1163 956 1251 981 reni
1283 943 1388 982 bene
1411 951 1432 986 3

118 1009 298 1048 exerceri
318 1022 439 1060 posse
463 1009 517 1048 ab
540 1009 708 1048 homine
731 1014 951 1061 occupato,
977 1023 1062 1048 non
1085 1010 1386 1061 eloquentiam,

63 1090 98 1122 15
118 1089 202 1115 non
238 1076 428 1115 liberales
471 1076 723 1128 disciplinas,
762 1077 933 1128 quando
970 1076 1188 1115 districtus
1224 1079 1389 1116 animus

118 1143 219 1182 nihil
244 1143 370 1182 altius
392 1143 539 1195 recipit
562 1143 636 1182 sed
658 1144 800 1182 omnia
827 1144 944 1182 uelut
973 1143 1185 1182 inculcata
1213 1144 1385 1195 respuit.

117 1209 219 1248 nihil
264 1210 402 1249 minus
447 1215 509 1249 est
555 1210 736 1249 hominis
781 1210 975 1262 occupati
1022 1224 1151 1261 quam
1214 1211 1385 1250 uiuere:

104 1270 271 1316 *nullius
293 1277 350 1315 rei
373 1277 579 1316 difficilior
601 1277 777 1316 scientia
799 1281 878 1335 est4
934 1277 1188 1329 professores
1211 1278 1386 1317 aliarum

118 1343 274 1382 artium
308 1344 432 1395 uolgo
468 1344 676 1395 multique
711 1349 822 1390 sunt,
860 1344 1069 1395 quasdam
1103 1357 1202 1383 uero
1238 1357 1289 1383 ex
1324 1345 1387 1384 his

56 1424 98 1446 20
116 1410 236 1462 pueri
273 1410 505 1449 admodum
541 1411 603 1449 ita
637 1411 870 1463 percepisse
906 1411 985 1450 uisi
1022 1415 1134 1456 sunt,
1173 1415 1221 1450 ut
1258 1411 1387 1450 etiam

115 1476 354 1529 praecipere
382 1481 581 1529 possent:
620 1473 771 1517 uiuere
802 1482 898 1516 tota
920 1478 1012 1517 uita
1036 1478 1283 1517 discendum
1307 1482 1384 1525 est,

116 1548 171 1590 et,
190 1544 306 1595 quod
323 1544 456 1595 magis
474 1544 651 1583 fortasse
668 1544 897 1590 miraberis,
918 1549 1020 1584 tota
1029 1545 1121 1584 uita
1138 1545 1386 1584 discendum

116 1615 179 1650 est
206 1611 323 1650 mori.
334 1620 340 1656 p
383 1615 449 1650 tot
476 1611 650 1650 maximi
677 1611 768 1657 uiri,
798 1611 952 1651 relictis
981 1611 1178 1650 omnibus
1210 1612 1385 1663 impedi-
1407 1625 1429 1657 4

115 1677 282 1723 mentis,
309 1691 406 1717 cum
442 1678 602 1717 diuitiis
639 1678 784 1717 officiis
821 1678 1117 1729 uoluptatibus
1150 1679 1385 1717 renuntias-

56 1755 95 1788 25
115 1748 221 1790 sent,
246 1745 325 1783 hoc
347 1757 481 1783 unum
503 1744 546 1783 in
569 1749 804 1784 extremam
827 1758 960 1796 usque
985 1749 1171 1784 aetatem
1195 1750 1382 1796 egerunt,

119 1815 165 1850 ut
196 1810 338 1850 uiuere
369 1811 551 1858 scirent;
599 1813 737 1863 plures
768 1816 912 1850 tamen
945 1825 996 1850 ex
1027 1812 1090 1851 his
1121 1812 1310 1851 nondum
1341 1825 1384 1851 se

115 1878 219 1917 scire
255 1877 432 1917 confessi
469 1878 563 1917 uita
598 1878 805 1925 abierunt,
846 1879 1003 1918 nedum
1039 1883 1087 1917 ut
1125 1878 1194 1918 isti
1233 1878 1380 1917 sciant.

114 1934 268 1996 magni,
286 1944 389 1983 mihi
405 1945 538 1990 crede,
557 1949 599 1984 et
616 1958 744 1996 supra
760 1946 968 1984 humanos
985 1958 1142 1984 errores
1159 1945 1383 1984 eminentis
1406 1958 1424 1995 5

114 1999 193 2050 uiri
223 2004 298 2057 est,
325 2011 428 2050 nihil
451 2024 501 2050 ex
526 2024 601 2050 suo
627 2017 816 2063 tempore
845 2012 1018 2051 delibari
1047 2013 1192 2058 sinere,
1219 2016 1260 2051 et
1290 2011 1383 2050 ideo

54 2097 96 2129 30
114 2078 201 2117 eius
217 2078 310 2117 uita
325 2078 567 2129 longissima
584 2085 659 2125 est,
679 2079 791 2130 quia,
811 2083 1206 2130 quantumcumque
1222 2078 1380 2130 patuit,

1415 490 1432 513 Ν

115 2158 262 2190 initium
280 2157 466 2198 transferre
485 2158 586 2189 malit
604 2158 702 2189 Gertz
797 2163 814 2189 6
831 2158 933 2189 labes
953 2164 990 2195 ἔ,
1012 2158 1118 2190 tabes
1134 2158 1163 2188 Α
