1623 2444
116 379 138 413 8

116 920 137 956 9

92 1390 137 1413 10

92 2064 131 2087 ΙΙ

159 64 207 110 76
680 62 919 100 SENECA

158 170 391 222 fulgebant,
414 183 595 221 quorum
616 171 776 222 templa
796 171 986 209 nondum
1006 170 1183 222 gemmis
1204 169 1399 209 nitebant
1421 180 1427 207 1

159 238 304 288 itaque
330 241 432 276 tunc
456 251 530 289 per
555 237 703 276 fictiles
728 238 828 276 deos
853 237 1040 288 religiose
1065 237 1287 276 iurabatur
1305 249 1314 283 ;
1356 235 1429 286 qui

159 304 250 343 illos
278 304 594 350 inuocauerant‚
626 305 680 343 ad
708 305 873 343 hostem
901 304 1107 350 morituri,
1138 317 1189 343 ne
1219 303 1426 348 fallerent,

159 371 366 410 redibant.
426 371 581 410 scilicet
638 371 777 410 minus
832 371 956 409 beate
1012 371 1185 410 uiuebat
1243 370 1429 408 dictator

160 442 315 484 noster,
338 438 411 488 qui
432 438 688 477 Samnitium
709 438 870 489 legatos
892 438 1040 485 audiit,
1063 451 1159 476 curn
1181 436 1430 476 uilissimum
1452 450 1468 484 5

160 505 301 544 cibum
329 504 371 543 in
399 505 492 544 foco
519 504 607 556 ipse
632 518 763 544 manu
790 518 867 543 sua
892 508 1079 543 uersaret
1116 504 1198 550 illa,
1227 517 1313 555 qua
1347 503 1432 542 iam

160 584 284 623 saepe
319 572 485 610 hostem
520 575 782 623 percusserat
818 572 1089 622 laureamque
1124 571 1166 610 in
1204 569 1430 622 Capitolini

161 638 275 677 Iouis
297 638 454 690 gremio
477 643 734 690 reposuerat,
759 651 888 689 quam
910 638 1083 690 Apicius
1106 642 1251 676 nostra
1272 649 1430 676 memo-

159 705 221 744 ria
242 705 365 752 uixit,
389 705 462 757 qui
484 705 527 744 in
550 718 599 744 ea
620 705 735 751 urbe,
760 718 811 744 ex
834 718 919 756 qua
941 705 1169 756 aliquando
1191 703 1429 756 philosophi

159 772 277 811 uelut
309 776 574 824 corruptores
605 772 840 811 iuuentutis
872 772 986 811 abire
1023 771 1123 811 iussi
1154 775 1267 817 sunt,
1299 770 1430 810 scien·
1454 781 1492 803 10

158 839 264 878 tiam
316 839 498 891 popinae
550 839 762 890 professus
814 839 1035 890 disciplina
1086 851 1164 877 sua
1215 837 1429 877 saeculum

158 905 315 945 infecit.
368 906 486 945 cuius
507 906 668 944 exitum
690 918 810 945 nosse
830 918 980 957 operae
1001 905 1185 957 pretium
1210 908 1285 944 est.
1334 917 1430 944 cum

159 973 401 1012 sestertium
437 972 601 1012 miliens
636 973 679 1011 in
715 972 898 1012 culinam
935 972 1193 1017 coniecisset,
1231 984 1328 1011 cum
1364 974 1430 1010 tot

158 1040 370 1091 congiaria
420 1040 659 1091 principum
711 1043 752 1078 et
804 1039 949 1090 ingens
1000 1039 1196 1090 Capitolii
1247 1038 1430 1089 uectigal

158 1107 331 1158 singulis
361 1099 708 1146 comisationibus
738 1106 1024 1158 exsorpsisset,
1064 1119 1156 1145 aere
1193 1105 1327 1144 alieno
1357 1118 1430 1156 op-
1454 1118 1489 1151 15

158 1186 326 1226 pressus
351 1174 536 1213 rationes
560 1186 658 1212 suas
683 1177 786 1212 tunc
810 1173 994 1225 primum
1019 1177 1192 1212 coactus
1216 1172 1400 1224 inspexit
1421 1184 1427 1210 :

159 1241 478 1292 superfuturum
505 1240 583 1279 sibi
611 1240 853 1279 sestertium
879 1240 1067 1279 centiens
1093 1239 1361 1291 computauit
1388 1242 1429 1278 et

158 1308 276 1347 uelut
310 1307 353 1346 in
387 1307 540 1346 ultima
574 1307 686 1346 fame
721 1307 913 1346 uicturus
947 1307 980 1346 si
1015 1306 1207 1346 sestertio
1243 1305 1431 1345 centiens

158 1375 346 1421 uixisset,
375 1387 539 1414 ueneno
566 1374 702 1413 uitam
729 1374 880 1413 finiuit.
941 1378 1104 1425 quanta
1130 1373 1298 1412 luxuria
1324 1376 1428 1419 erat,

158 1442 224 1480 cui
249 1441 437 1481 centiens
461 1441 703 1480 sestertium
727 1433 891 1492 egestas
916 1441 996 1479 fuit
1017 1441 1025 1480 1
1084 1440 1097 1478 i
1122 1453 1233 1479 nunc
1258 1444 1300 1478 et
1324 1443 1432 1491 puta
1451 1456 1492 1478 20

158 1508 361 1560 pecuniae
376 1509 551 1547 modum
569 1508 623 1547 ad
639 1521 726 1546 rem
742 1507 964 1559 pertinere,
984 1520 1068 1546 non
1085 1507 1214 1546 animi
1232 1507 1239 1545 l
1283 1510 1431 1545 sester-

158 1576 267 1614 tium
305 1575 492 1614 centiens
532 1575 682 1626 aliquis
720 1574 931 1621 extimuit,
970 1578 1027 1620 et,
1067 1574 1183 1625 quod
1222 1573 1291 1612 alii
1328 1577 1431 1612 uoto

157 1646 324 1694 petunt,
357 1655 520 1681 ueneno
551 1642 686 1693 fugit!
747 1641 804 1680 illi
834 1654 935 1680 uero
966 1645 1056 1680 tam
1086 1653 1244 1692 prauae
1274 1639 1432 1680 mentis

157 1709 316 1748 homini
346 1709 498 1748 ultima
526 1709 644 1760 potio
673 1708 949 1747 saluberrima
977 1708 1086 1747 fuit:
1133 1711 1236 1747 tunc
1264 1719 1429 1746 uenena

157 1776 309 1815 edebat
340 1776 612 1827 bibebatque,
645 1788 741 1814 cum
770 1775 985 1814 immensis
1015 1774 1148 1826 epulis
1177 1787 1262 1813 non
1293 1774 1427 1813 delec-,
1449 1791 1488 1824 25

157 1847 320 1882 taretur
349 1847 522 1882 tantum
549 1843 622 1881 sed
647 1841 907 1893 gloriaretur,
934 1854 1031 1880 cum
1056 1841 1163 1880 uitia
1186 1854 1263 1880 sua
1288 1845 1427 1879 osten-

157 1914 282 1956 taret,
313 1922 410 1948 cum
438 1909 658 1948 ciuitatem
687 1909 729 1947 in
758 1908 968 1947 luxuriam
997 1921 1118 1947 suam
1147 1911 1424 1954 conuerteret,

157 1990 254 2016 cum
270 1977 538 2015 iuuentutem
560 1976 614 2015 ad
632 1975 916 2014 imitationem
936 1975 998 2014 sui
1016 1974 1274 2021 sollicitaret,
1296 1974 1425 2013 etiam
1455 1988 1458 1990 ’

157 2044 245 2083 sine
277 2043 399 2082 malis
429 2042 632 2094 exemplis
663 2055 737 2094 per
761 2056 804 2081 se
829 2042 1018 2081 docilem.
1092 2042 1194 2080 haec
1228 2041 1425 2080 accidunt

156 2110 329 2149 diuitias
368 2123 451 2149 non
493 2110 547 2149 ad
586 2110 793 2148 rationem
833 2109 1131 2148 reuocantibus
1170 2108 1288 2147 cuius
1323 2107 1425 2146 certi
1445 2123 1486 2155 30

156 2178 259 2216 fines
299 2181 411 2223 sunt,
454 2177 526 2216 sed
572 2177 627 2216 ad
667 2175 865 2215 uitiosam
911 2175 1259 2214 consuetudinem
1306 2174 1426 2213 cuius

519 2253 537 2280 2
562 2249 707 2290 itaque:
734 2249 840 2290 atqui
856 2249 958 2280 malit
973 2248 1073 2279 Gertz
