1623 2444
517 69 604 106 AD
642 69 766 105 HEL
783 69 874 105 VIA
885 69 935 105 M
1311 73 1358 119 65

92 177 332 223 uoluerunt,
359 177 498 217 iacent
530 180 572 216 et
597 181 800 224 maerent,
827 191 924 217 cum
955 191 1089 218 uanos
1114 182 1156 218 et
1181 180 1361 231 pueriles

94 247 269 292 animos,
308 244 445 284 omnis
483 244 640 284 solidae
678 244 914 296 uoluptatis
952 245 1131 297 ignaros,
1173 246 1280 286 falsa
1319 251 1360 287 et

92 311 265 350 mobilia
306 311 619 351 oblectamenta
661 312 928 351 destituunt:
990 316 1033 351 at
1076 313 1157 359 ille,
1202 313 1274 365 qui
1317 327 1361 353 se

91 378 213 417 laetis
258 379 382 417 rebus
428 391 511 417 non
558 378 735 425 inflauit,
785 391 860 418 nec
906 379 1084 419 mutatis
1130 381 1358 420 contrahit.

55 455 72 488 5
93 445 293 484 aduersus
324 449 554 496 utrumque
586 450 748 484 statum
780 446 988 485 inuictum
1022 447 1211 486 animum
1243 452 1361 486 tenet

91 512 335 564 exploratae
373 512 457 551 iam
496 512 739 559 firmitatis;
795 526 893 552 nam
932 513 975 552 in
1013 513 1105 565 ipsa
1144 514 1358 560 felicitate,

91 579 194 630 quid
222 584 371 618 contra
397 579 689 618 infelicitatem
717 580 889 626 ualeret,
919 585 1119 632 expertus
1147 586 1222 620 est.
1282 582 1361 621 ita·
1381 588 1403 623 6

91 659 173 697 que
191 658 266 698 ego
285 646 327 685 in
346 647 437 693 illis,
459 660 567 698 quae
586 659 731 685 omnes
749 651 916 698 optant,
937 647 1178 687 existimaui
1198 661 1362 700 semper

92 712 194 752 nihil
220 713 307 752 ueri
336 714 435 775 boni
463 713 620 757 inesse:
652 718 745 752 tum
772 714 915 753 inania
942 719 983 753 et
1014 715 1200 766 specioso
1223 728 1270 754 ac
1291 715 1362 754 de-

35 795 73 816 10
90 780 278 834 ceptorio
302 778 399 819 fuco
433 780 667 820 circumlita
699 781 853 827 inueni,
888 781 1001 820 intra
1025 782 1127 820 nihil
1160 782 1361 822 habentia

92 832 231 886 fronti*
245 860 344 886 suae
363 848 496 886 simile
516 860 523 893 ;
568 860 679 887 nunc
705 848 748 886 in
767 848 843 895 his,
872 862 980 900 quae
1000 849 1113 888 mala
1138 853 1359 896 uocantur,

92 913 194 952 nihil
236 920 327 953 tam
361 914 544 954 terribile
582 928 629 954 ac
663 915 816 954 durum
851 915 1020 955 inuenio
1054 929 1184 967 quam
1219 916 1360 968 opinio

91 981 203 1032 uolgi
222 981 478 1020 minabatur.
539 982 716 1021 uerbum
736 982 908 1033 quidem
928 982 1066 1034 ipsum
1091 984 1361 1035 persuasione

91 1048 277 1099 quadam
304 1053 345 1087 et
372 1062 578 1087 consensu
604 1049 688 1088 iam
716 1049 902 1101 asperius
930 1050 983 1088 ad
1011 1063 1131 1089 aures
1157 1051 1288 1097 uenit,
1317 1054 1359 1090 et

34 1131 70 1164 15
92 1105 302 1154 audientis
349 1119 572 1167 tamquam
615 1116 735 1156 triste
774 1122 815 1155 et
855 1117 1088 1166 execrabile
1122 1117 1241 1157 ferit:
1299 1117 1361 1157 ita

91 1182 202 1220 enim
229 1182 410 1234 populus
436 1183 570 1228 iussit,
593 1184 665 1222 sed
692 1184 837 1235 populi
863 1174 977 1223 scita
994 1197 1045 1223 ex
1065 1197 1220 1236 magna
1238 1188 1360 1236 parte
1420 1182 1422 1184 ’

91 1249 301 1300 sapientes
337 1249 556 1301 abrogant.

173 1311 216 1356 6.
277 1317 459 1355 Remoto
502 1330 598 1368 ergo
642 1317 795 1357 iudicio
838 1318 1035 1369 plurium,
1073 1330 1180 1369 quos
1222 1318 1361 1370 prima
1385 1331 1397 1354 1

91 1395 229 1422 rerum
254 1383 422 1435 species,
442 1388 673 1435 utcumque
698 1385 859 1424 credita
875 1390 950 1431 est,
970 1385 1120 1431 aufert,
1139 1385 1359 1425 uideamus

33 1467 73 1490 20
91 1449 194 1500 quid
214 1450 267 1489 sit
289 1450 472 1490 exilium.
532 1464 683 1503 nempe
703 1451 782 1490 loci
803 1452 1096 1491 commutatio.
1156 1465 1208 1491 ne
1229 1465 1359 1505 angu-

90 1520 203 1555 stare
235 1517 381 1556 uidear
413 1517 501 1556 uim
536 1518 623 1557 eius
657 1522 698 1557 et
733 1518 941 1570 quidquid
974 1519 1205 1570 pessimum
1238 1519 1281 1558 in
1315 1533 1358 1558 se

91 1583 220 1622 habet
252 1584 511 1631 subtrahere,
539 1585 647 1624 hanc
670 1586 1049 1624 commutationem
1072 1586 1150 1625 loci
1176 1599 1358 1637 sequun-

90 1654 160 1689 tur
187 1650 481 1690 incommoda:
526 1656 768 1703 paupertas,
798 1652 1040 1704 ignominia,
1071 1657 1355 1705 contemptus.

91 1717 292 1756 aduersus
334 1717 417 1756 ista
458 1722 607 1769 postea
650 1719 901 1770 confligam3
961 1719 1130 1758 interim
1172 1719 1357 1771 primum

31 1795 70 1828 25
89 1783 193 1822 illud
218 1783 371 1822 intueri
398 1785 507 1830 uolo,
536 1785 639 1836 quid
666 1786 803 1825 acerbi
831 1786 996 1825 adferat
1022 1786 1114 1838 ipsa
1139 1786 1218 1825 loci
1245 1800 1357 1826 com-

89 1850 285 1889 mutatio.

172 1917 180 1930 ‘
200 1917 349 1956 Carere
381 1917 522 1968 patria
555 1918 818 1958 intolerabile
853 1919 943 1958 est.'
1004 1919 1142 1971 aspice
1177 1920 1357 1971 agedum
1380 1941 1397 1964 2

90 1983 198 2022 hanc
220 1984 514 2034 frequentiam,
539 1985 604 2024 cui
627 1986 700 2024 uix
721 1986 836 2025 urbis
857 1986 1087 2025 immensae
1109 1990 1225 2025 tecta
1245 1987 1357 2026 suffi-

90 2049 234 2089 ciunt:
280 2051 468 2089 maxima
496 2065 592 2103 pars
621 2052 742 2091 istius
770 2053 922 2092 turbae
950 2053 1088 2104 patria
1118 2058 1246 2093 caret.
1306 2067 1358 2092 ex

156 2142 174 2169 9
199 2141 281 2170 turn
297 2138 342 2175 A,
363 2142 441 2170 tam
460 2146 488 2172 ς-
581 2144 619 2172 20
644 2141 948 2174 commutatione.
975 2145 1173 2183 angustare
1196 2142 1248 2173 A:
1270 2153 1357 2176 corr.

89 2189 229 2222 Fickert

192 2277 273 2302 ns
1282 2284 1303 2318 5
