1623 2444
193 65 243 111 56
708 64 948 102 SENECA

1372 143 1382 161 ί
1400 158 1413 162 „A
1429 155 1439 162 η

191 174 513 225 excerpendum,
541 187 667 225 quem
694 187 833 213 rerum
859 179 1013 213 natura
1038 175 1079 214 in
1106 175 1283 214 exitium
1309 163 1512 226 oppro-n'>

191 240 415 291 briumque
453 241 628 280 humani
667 241 827 292 generis
867 241 1011 288 edidit,
1054 255 1078 280 a
1115 255 1200 293 quo
1238 242 1462 293 imperium

191 307 391 346 adustum
422 312 551 358 atque
579 321 772 347 euersum
801 308 994 347 funditus
1022 309 1223 360 principis
1250 308 1463 348 mitissimi

146 385 169 418 4
190 378 349 412 recreat
376 374 611 413 clementia.
671 376 714 414 C.
743 375 896 414 Caesar
922 376 1074 414 amissa
1100 389 1239 414 sorore
1264 375 1462 421 Drusilla,

189 440 223 479 is
253 441 393 487 homo,
428 441 499 492 qui
531 454 615 480 non
645 442 779 493 magis
810 442 948 481 dolere
978 455 1109 493 quam
1139 442 1321 494 gaudere
1350 442 1464 494 prin-
1483 456 1501 488 5

188 507 378 559 cipaliter
390 512 544 559 posset,
560 513 833 560 conspectum
847 509 1294 560 conuersationemque
1307 509 1464 548 ciuium

188 587 359 613 suorum
385 575 586 626 profugit,
614 576 823 627 exsequiis
848 576 1000 615 sororis
1020 589 1119 615 suae
1144 589 1229 615 non
1254 575 1461 622 interfuit,

188 641 301 680 iusta
325 642 453 680 sorori
480 655 563 680 non
589 643 815 694 praestitit,
843 643 916 681 sed
940 643 983 682 in
1008 643 1173 682 Albano
1193 656 1267 682 suo
1298 642 1464 682 tesseris

189 721 237 747 ac
262 709 352 747 1010
378 713 419 748 61
444 709 701 760 peruolgatis
730 710 971 749 huiusmodi
999 710 1088 749 aliis
1113 709 1464 762 occupationibus

189 776 444 814 acerbissimi
460 776 618 815 funeris
633 777 827 816 eleuabat
843 777 969 816 mala.
1028 790 1104 828 pro
1118 777 1256 829 pudor
1269 776 1459 829 imperii!
1486 794 1524 816 10

188 842 388 894 principis
409 843 591 881 Romani
611 843 794 894 lugentis
814 857 997 882 sororem
1018 844 1109 882 alea
1128 844 1330 883 solacium
1349 844 1458 883 11111.
1452 844 1458 872 l

146 921 164 958 5
188 909 299 948 idem
336 910 403 948 ille
439 910 569 959 Gaius
606 910 764 957 furiosa
798 911 1086 949 inconstantia
1120 911 1248 949 modo
1283 910 1462 949 barbam

187 976 470 1028 capillumque
519 971 788 1024 submittens
812 978 955 1034 modo
998 979 1179 1024 tondens,
1223 978 1374 1016 Italiae
1414 990 1461 1016 ac

188 1043 351 1083 Siciliae
367 1057 461 1082 oras
481 1027 743 1083 errabundus
761 1032 1028 1096 permetiens
1048 1049 1088 1084 et
1108 1058 1342 1096 numquam
1359 1044 1462 1083 satis

188 1114 327 1149 certus
364 1115 510 1150 utrum
549 1111 679 1162 lugeri
715 1112 842 1150 uellet
880 1125 933 1150 an
966 1112 1044 1150 coli
1077 1125 1274 1158 sororem,
1313 1111 1461 1150 eodem
1485 1123 1520 1156 15

188 1178 302 1216 omni
332 1182 522 1229 tempore
554 1191 638 1229 quo
675 1179 836 1231 templa
872 1179 928 1217 1111
966 1179 1255 1218 constituebat
1286 1192 1334 1217 66
1369 1178 1461 1230 pul-

188 1244 363 1291 uinaria,
395 1258 465 1284 eos
494 1245 567 1296 qui
596 1259 747 1297 parum
783 1245 934 1284 maesti
969 1246 1137 1285 fuerant
1173 1245 1463 1285 crudelissima

189 1311 413 1350 adficiebat
447 1312 826 1352 animaduersione.
891 1313 1038 1354 eadem
1070 1312 1181 1352 enim
1213 1312 1461 1364 intemperie

189 1378 317 1417 animi
332 1379 605 1419 aduersarum
619 1392 757 1418 rerum
770 1379 879 1419 ictus
893 1380 1068 1426 ferebat,
1083 1393 1169 1431 qua
1181 1379 1461 1419 secundarum

188 1445 324 1484 elatus
348 1450 505 1485 euentu
528 1460 653 1498 super
676 1447 912 1486 humanum
935 1447 1246 1486 intumescebat
1269 1447 1458 1486 modum.
1479 1466 1523 1489 20

145 1521 167 1554 6
187 1513 333 1564 procul
368 1514 484 1552 istud
518 1514 758 1565 exemplum
794 1514 848 1552 ab
882 1514 997 1553 omni
1034 1514 1228 1578 Romano
1263 1513 1318 1553 sit
1352 1513 1458 1560 uiro,

188 1579 350 1619 luctum
396 1593 519 1619 suum
566 1585 639 1620 aut
685 1581 998 1632 intempestiuis
1042 1559 1239 1624 seuocare
1283 1580 1459 1627 lusibus,

188 1650 263 1686 aut
283 1647 470 1691 sordium
491 1661 539 1686 ac
559 1648 765 1699 squaloris
784 1648 990 1687 foeditate
1010 1633 1195 1694 inritare,
1219 1651 1292 1686 aut
1315 1647 1460 1686 alienis

187 1714 308 1752 malis
344 1715 556 1763 oblectare
590 1715 763 1753 minime
800 1715 986 1753 humano
1022 1715 1189 1754 solacio.

148 1797 159 1819 1
273 1776 344 1822 18.
405 1782 498 1819 f1b1
516 1795 615 1820 uero
648 1782 750 1820 nihil
784 1794 834 1820 ex
866 1782 1171 1848 consuetudine
1202 1781 1458 1820 mutandum
1479 1795 1517 1829 25

186 1852 250 1886 est
275 1852 363 1894 tua,
389 1849 591 1899 quoniam
617 1849 787 1900 quidem
813 1823 879 1887 ean
883 1826 1109 1888 instituisti
1135 1861 1276 1888 amare
1300 1848 1475 1895 studia,

252 1982 270 2009 3
296 1980 420 2010 auersfi
440 1980 479 2009 at
497 1988 537 2020 q;
566 1978 698 2009 adusffi
717 1977 762 2008 Al:
788 1988 874 2010 corr.
892 1978 1094 2019 Wesenberg
1172 1977 1358 2009 mitissimi
1372 1976 1400 2007 Α
1415 1978 1454 2015 V,

187 2030 339 2072 piissimi
352 2031 392 2068 O,
408 2030 619 2072 peritissimi
633 2031 663 2060 Β
759 2034 776 2060 9
800 2032 837 2060 61
855 2030 1080 2070 peruolgatis
1094 2030 1226 2067 Haase,
1244 2029 1273 2060 δε
1285 2029 1456 2070 puocatis
1498 2046 1501 2049 -

185 2082 341 2119 ADHB,
366 2093 409 2114 ex
436 2083 647 2124 prouocatis
664 2082 706 2119 E,
733 2084 770 2112 61
795 2081 1006 2123 prouocatis
1031 2082 1071 2119 G,
1096 2084 1133 2113 et
1158 2091 1273 2123 pyrgo
1297 2081 1455 2123 talisque

184 2133 275 2164 θωπί.
291 2133 389 2165 Gertz
475 2137 512 2164 13
532 2133 689 2164 tondens
707 2134 787 2164 add.
811 2133 1012 2173 Il'esenberg
1098 2138 1135 2164 22
1154 2143 1326 2165 seuocare
1342 2132 1451 2168 Gertz,

184 2194 337 2218 euocare
355 2184 383 2215 Α
