1623 2444
522 69 609 105 AD
638 68 753 105 POL
770 67 871 104 ΥΒ]
879 67 968 103 VM
1326 74 1372 112 57

102 190 212 229 quae
249 182 291 217 et
333 178 494 230 optime
534 177 781 216 felicitatem
829 176 1039 215 extollunt
1087 179 1129 215 et
1177 175 1374 214 facillime

105 245 303 284 minuunt
328 245 617 284 calamitatem
642 244 874 295 eademque
899 247 940 282 et
965 246 1216 282 ornamenta
1240 241 1374 280 maxi-

102 324 173 350 ma
204 311 363 351 homini
395 316 494 351 sunt
520 316 561 351 et
595 311 760 350 solacia.
833 323 944 349 nunc
977 310 1123 361 itaque
1151 313 1195 348 te
1220 308 1372 348 studiis

103 379 188 417 tuis
217 378 402 431 inmerge
433 379 572 431 altius,
606 391 717 418 nunc
748 378 819 416 1113
849 377 926 416 tibi
957 377 1075 416 uelut
1106 376 1375 416 munimenta

65 459 81 490 5
104 445 232 484 31111111
259 446 487 493 circumda,
517 459 569 485 ne
596 458 648 485 ex
674 445 760 484 ulla
786 444 849 483 tui
876 448 998 496 parte
1025 443 1215 483 inueniat
1243 443 1373 481 intro-

104 511 212 551 itum
250 513 380 552 dolor.
440 513 582 552 fratris
619 525 788 563 quoque
826 511 888 550 tui
927 511 1088 562 produc
1125 510 1374 549 memoriam
1397 524 1415 547 2

106 579 247 630 aliquo
288 580 540 631 scriptorum
581 579 843 618 monimento
884 582 1056 617 tuorum
1076 590 1084 624 ;
1143 578 1221 616 hoc
1263 577 1373 616 enirn

103 659 235 685 unum
258 651 320 686 est
344 647 389 686 in
412 647 535 686 rebus
557 646 753 685 humanis
775 658 893 697 opus,
917 645 983 685 cui
1006 645 1121 684 nulla
1142 648 1375 696 tempestas

104 717 267 760 noceat,
294 714 409 765 quod
434 714 550 753 nulla
573 716 795 752 consumat
821 716 1026 751 uetustas.
1087 716 1238 757 cetera,
1265 723 1375 762 quae

47 800 84 823 10
103 793 177 831 per
200 781 559 820 constructionem
582 780 772 832 lapidum
797 784 838 818 et
863 792 1121 818 marmoreas
1144 779 1275 817 moles
1300 784 1373 817 aut
1422 775 1426 788 ”

104 851 290 895 terrenos
332 848 520 887 tumulos
561 847 604 886 in
645 859 844 898 magnam
887 847 1061 885 eductos
1104 845 1373 884 altitudinem

100 903 315 961 constant,
358 928 441 954 non
480 918 719 966 propagant
759 914 928 965 longam
968 913 1092 959 diem,
1134 912 1292 964 quippe
1332 916 1373 950 et

103 993 195 1032 lpsa
214 981 454 1021 mtereunt
498 981 733 1020 inmortalis
749 985 811 1019 est
829 980 982 1031 moenii
999 980 1213 1018 memoria
1266 980 1374 1018 hanc

104 1051 153 1087 tu
187 1048 308 1087 fratri
342 1052 419 1088 tuo
452 1048 614 1099 largire,
652 1048 693 1086 in
729 1048 807 1086 hac
842 1060 938 1086 eum
973 1047 1174 1093 conloca;
1226 1046 1379 1109 melius

47 1131 56 1152 ι
66 1129 82 1162 5
104 1114 221 1154 11111111
240 1116 445 1154 duraturo
463 1128 627 1167 semper
644 1114 933 1153 consecrabis
925 1114 1090 1165 ingenio
1109 1126 1239 1165 quam
1257 1098 1377 1152 irrito
1421 1115 1428 1117 ”

103 1181 246 1221 dolore
279 1182 451 1234 lugebis.
511 1182 626 1233 quod
660 1182 713 1221 ad
746 1182 881 1233 ipsam
908 1182 1141 1220 Fortunam
1174 1180 1372 1232 pertinet,
1395 1191 1416 1226 3

104 1249 269 1288 etiamsi
300 1262 411 1289 nunc
446 1249 510 1301 agi
545 1249 658 1301 apud
692 1252 735 1288 te
767 1262 895 1288 causa
930 1248 1017 1287 eius
1055 1261 1139 1287 non
1177 1252 1375 1299 potest——

104 1316 246 1355 omnia
264 1316 375 1355 enim
394 1316 477 1363 illa,
498 1329 607 1377 quae
626 1316 746 1355 nobis
765 1316 895 1362 dedit,
917 1315 971 1354 ob
992 1316 1070 1354 hoc
1095 1315 1235 1366 ipsum
1259 1314 1375 1366 quod

105 1383 264 1434 aliquid
283 1382 449 1435 eripuit,
470 1350 607 1422 11111153
625 1387 792 1429 sunt—‚
814 1387 916 1422 tunc
934 1386 1080 1421 tamen
1099 1382 1177 1420 erit
1197 1382 1372 1433 agenda,

44 1465 85 1486 20
104 1462 200 1488 cum
229 1450 413 1501 primum
444 1450 683 1502 aequiorem
713 1454 756 1489 te
785 1450 841 1488 illi
871 1449 1053 1488 iudicem
1082 1423 1170 1488 dies
1199 1448 1372 1495 fecerit;

104 1520 207 1556 tune
236 1517 348 1556 enim
375 1517 534 1569 poteris
562 1517 605 1556 in
634 1517 815 1568 gratiam
845 1529 942 1555 cum
972 1516 1042 1555 illa
1070 1516 1215 1555 redire.
1276 1528 1374 1554 nam

104 1584 240 1623 multa
282 1584 481 1636 prouidit,
527 1584 682 1635 quibus
724 1584 831 1622 hanc
876 1583 1120 1622 emendaret
1164 1583 1373 1629 iniuriam,

104 1651 241 1690 multa
279 1651 523 1690 etiamnunc
562 1651 695 1696 dabit,
736 1650 891 1701 quibus
930 1650 1138 1697 redimat;
1194 1650 1376 1700 denique

105 1717 243 1769 ipsum
283 1718 362 1757 hoc
400 1719 515 1769 quod
555 1718 744 1764 abstulit,
786 1718 877 1769 ipsa
914 1718 1087 1756 dederat
1130 1717 1219 1756 tibi.
1290 1716 1419 1758 noli4

43 1800 82 1833 25
105 1797 200 1835 ergo
224 1789 373 1823 contra
395 1789 438 1824 te
462 1785 627 1836 ingenio
651 1785 714 1823 uti
739 1789 826 1829 tuo,
855 1784 938 1822 noli
964 1784 1108 1822 adesse
1132 1784 1262 1822 dolori
1285 1788 1373 1822 tuo.

105 1856 246 1902 potest
268 1852 440 1903 quidem
461 1851 703 1903 eloquentia
723 1855 799 1890 tua
819 1864 928 1902 quae
948 1864 1082 1909 parua
1103 1855 1202 1889 sunt
1225 1863 1375 1902 appro-

104 1917 204 1957 bare
219 1931 295 1970 pro
310 1919 486 1970 magnis,
504 1932 647 1958 rursus
661 1931 817 1969 magna
833 1907 1055 1957 attenuare
1071 1922 1113 1956 et
1131 1918 1185 1957 ad
1199 1917 1376 1956 minima

104 1985 309 2024 deducere
328 1998 337 2032 ;
379 1986 451 2025 sed
476 1986 557 2025 alio
582 1986 686 2024 istas
711 1985 820 2024 uires
845 1989 983 2024 seruet
1009 1997 1118 2031 suas,
1146 1998 1257 2024 nunc
1282 1988 1377 2023 tota

171 2092 188 2119 1
206 2091 244 2120 et
257 2088 397 2130 optime
409 2089 586 2125 Muretus,
603 2088 743 2129 optime
755 2090 793 2119 et
806 2087 833 2117 A
843 2088 870 2119 O
934 2092 951 2118 3
971 2087 1110 2118 homini
1122 2087 1150 2117 A
1160 2114 1167 2124 ‚
1184 2087 1375 2118 hominurn

103 2139 144 2177 O,
171 2140 329 2171 hominis
353 2140 452 2172 Gertz
543 2144 563 2170 4
588 2141 762 2181 immerge
792 2140 902 2171 altius
929 2139 1143 2176 Pincianus,
1176 2141 1377 2180 inmergere

104 2191 222 2223 acrius
239 2191 383 2223 AHDE
475 2196 493 2223 8
518 2191 554 2222 in
571 2193 651 2223 add.
674 2192 887 2231 Wesenberg,
908 2201 951 2221 ex
970 2191 1122 2232 M‘advig
