1623 2444
177 87 228 121 30
696 77 858 113 SENE
865 77 935 114 CA

175 186 315 225 breuis
340 186 527 237 ipsorum
553 186 646 225 uita
674 186 741 233 sit,
769 187 955 238 cogitent
981 201 1032 226 ex
1062 193 1195 239 quota
1222 193 1343 240 parte
1375 202 1452 228 sua

177 253 245 292 sit.

140 336 153 359 1
261 327 338 361 20.
397 320 504 359 Cum
539 320 694 359 uideris
727 322 872 372 itaque
908 327 1178 372 praetextam
1211 336 1334 374 saepe
1366 323 1451 362 iarn

177 390 408 438 sumptam,
438 400 536 425 cum
564 388 724 427 celebre
752 388 795 427 in
824 388 914 426 foro
943 401 1109 435 nomen,
1141 403 1192 428 ne
1220 390 1447 429 inuideris:

177 453 261 493 ista
282 453 398 492 uitae
421 454 577 492 damno
600 459 817 506 parantur.
878 459 926 494 ut
950 469 1058 494 unus
1083 456 1136 494 ab
1159 456 1238 495 illis
1261 470 1451 495 numere·
1473 472 1490 504 5

178 524 249 560 tur
283 534 430 567 annus,
467 521 603 559 omnis
638 535 770 561 annos
803 535 901 560 suos
934 527 1167 574 conterent.
1227 524 1449 574 quosdam,

179 591 411 638 antequam
442 587 484 626 in
515 601 729 628 summum
761 589 1005 627 ambitionis
1036 590 1309 636 eniterentur,
1342 590 1453 629 inter

178 654 315 706 prima
336 654 540 693 luctantis
563 659 680 695 aetas
703 655 871 706 reliquit
891 668 899 702 ;
932 657 1152 706 quosdam,
1171 670 1267 695 cum
1290 657 1332 696 in
1355 670 1452 696 con-

177 721 507 760 summationem
526 722 746 773 dignitatis
764 736 838 774 per
855 722 967 761 mille
986 723 1260 775 indignitates
1279 724 1449 775 erepsis-

178 792 285 834 sent,
307 788 459 827 misera
477 789 608 828 subiit
628 789 830 841 cogitatio
850 789 1062 829 laborasse
1082 791 1194 842 ipsos
1214 791 1256 829 in
1276 791 1451 830 titulum
1477 808 1514 830 10

177 855 356 907 sepulcri
376 868 385 901 ;
406 848 693 906 “quorundam
717 857 870 896 ultima
894 862 1100 903 senectus,
1129 858 1231 896 dum
1253 858 1293 896 in
1319 871 1452 896 nouas

179 936 273 974 spes
315 926 363 961 ut
405 923 582 962 iuuenta
623 923 874 975 disponitur,
912 924 1022 963 inter
1063 925 1241 964 conat‘us
1277 938 1452 976 magnos

179 993 221 1029 et
258 990 457 1041 inprobos
494 990 682 1029 inualida
718 991 884 1043 defecit.
944 991 1092 1030 foedus
1127 991 1206 1037 ille,
1245 1005 1372 1043 quem
1409 992 1449 1030 in

182 1057 337 1096 iudicio
371 1070 447 1108 pro
476 1057 750 1108 ignotissimis
775 1046 1070 1109 litigatoribus]
1100 1059 1302 1109 grandem
1328 1063 1446 1105 natu,

180 1128 221 1163 et
255 1124 461 1176 inperitae
494 1137 673 1164 coronae
707 1124 965 1164 assensiones
999 1130 1246 1176 captantem
1279 1126 1451 1177 spiritus
1476 1137 1512 1170 15

179 1191 332 1242 liquit:
384 1191 520 1242 turpis
554 1191 634 1237 ille,
670 1191 743 1243 qui
778 1191 961 1230 uiuendo
996 1192 1129 1231 lassus
1164 1192 1288 1231 citius
1322 1206 1452 1244 quam

179 1258 411 1297 laborando
448 1258 558 1297 inter
594 1258 686 1310 ipsa
722 1258 858 1297 officia
895 1259 1118 1310 conlapsus
1155 1263 1246 1305 est;
1301 1260 1449 1311 turpis,

180 1338 306 1376 quem
332 1325 584 1377 accipiendis
609 1325 904 1364 inmorientem
930 1326 1164 1365 rationibus
1190 1326 1262 1365 diu
1287 1330 1452 1366 tractus

139 1408 158 1441 3
182 1392 272 1432 risit
299 1394 428 1432 heres.
488 1393 715 1444 praeterire
740 1393 855 1444 quod
879 1393 981 1432 mihi
1006 1394 1186 1432 occurrit
1212 1394 1451 1445 exemplum

182 1473 266 1499 non
299 1472 484 1512 possum.
544 1460 583 1499 S.
618 1460 857 1499 Turannius
890 1460 970 1499 fuit
1004 1465 1179 1499 exactae
1211 1460 1452 1512 diligentiae
1473 1473 1514 1496 20

183 1540 322 1573 senex,
342 1527 414 1578 qui
431 1530 527 1578 post
546 1540 703 1566 annum
721 1526 1052 1578 nonagesimum,
1071 1541 1166 1566 cum
1183 1528 1450 1566 uacationem

183 1594 490 1645 procurationis
514 1594 567 1632 ab
590 1594 632 1633 C.
658 1594 832 1633 Caesare
854 1594 966 1633 ultro
990 1594 1230 1646 accepisset,
1255 1595 1451 1646 componi

183 1674 226 1700 se
250 1661 292 1700 in
316 1661 425 1700 lecto
449 1664 491 1700 et
515 1661 632 1700 uelut
657 1661 894 1700 exanimem
920 1675 944 1700 a
967 1662 1268 1700 circumstante
1292 1661 1453 1700 familia

185 1728 327 1780 plangi
353 1728 487 1767 iussit.
534 1728 705 1780 lugebat
732 1729 883 1767 domus
904 1729 1039 1767 otium
1068 1729 1226 1767 domini
1249 1729 1358 1768 senis
1377 1741 1452 1767 nec

183 1795 321 1834 finiuit
349 1800 448 1834 ante
474 1795 693 1835 tristitiam
720 1808 849 1846 quam
876 1796 994 1834 labor
1020 1796 1076 1833 illi
1103 1809 1203 1834 suus
1229 1796 1452 1835 restitutus
1473 1810 1510 1842 25

139 1873 162 1906 4
183 1866 258 1901 est.
319 1863 478 1901 adeone
513 1862 633 1901 iuuat
670 1866 925 1913 occupatum
961 1863 1102 1901 mori?
1163 1863 1274 1902 idern
1310 1862 1451 1914 pleris—

182 1942 264 1980 que
291 1929 456 1968 animus
482 1934 545 1969 est
566 1942 573 1968 :
617 1929 777 1968 diutius
803 1929 1013 1981 cupiditas
1039 1929 1118 1968 illis
1143 1930 1297 1968 laboris
1322 1921 1462 1980 quam*

182 1996 363 2035 facultas
399 2000 491 2043 est‚·
550 2010 646 2036 cum
687 1986 981 2035 inbecillitate·
1005 1997 1189 2048 corporis
1230 1999 1423 2048 pugnant
1441 2007 1450 2042 ;

139 1002 156 1025 ἲ»)

247 2107 265 2134 6
300 2105 499 2134 conterunt
530 2103 630 2134 Gertz
744 2107 761 2133 7
805 2106 1009 2144 antequam
1042 2104 1194 2142 Fickert,
1225 2107 1312 2136 ante
1345 2106 1386 2135 cst
1416 2103 1445 2134 A

179 2159 197 2206 ἐξ
215 2155 435 2197 erepsissent
452 2155 666 2193 Pmoz'anus,
688 2154 934 2197 erupissentA
1009 2161 1046 2188 20
1065 2156 1098 2188 S.
1114 2155 1324 2189 Turannius
1340 2156 1448 2192 Gertz,

182 2208 396 2250 styrannius
412 2208 441 2238 A
