1623 2444
240 102 285 137 18
758 99 997 137 SENECA

196 220 213 257 5
236 209 465 261 negotium.
526 208 723 248 conuiuia
739 221 806 247 me
823 209 1011 247 hercules
1027 209 1178 248 horum
1195 220 1279 247 non
1295 207 1507 259 posuerim

236 277 346 316 inter
374 276 575 315 uacantia
604 280 809 327 tempora,
841 288 938 314 cum
967 275 1149 321 uideam,
1181 288 1311 326 quarn
1341 274 1506 314 solliciti

238 347 459 395 argentum
469 343 678 388 ordinent,
690 355 819 393 quam
829 342 1050 393 diligenter
1058 342 1319 388 exojetorum
1336 354 1507 381 suorum

238 410 404 450 tunicas
429 409 688 461 succingant,
708 423 837 460 quarn
863 409 1052 460 suspensi
1073 409 1156 448 sint
1175 409 1389 460 quomodo
1408 421 1509 460 aper

239 491 264 516 a
300 489 399 516 coco
438 481 574 522 exeat,
614 489 700 528 qua
736 476 952 515 celeritate
989 476 1106 527 signo
1144 476 1246 514 dato
1283 475 1415 526 glabn'
1454 475 1508 514 ad

238 543 472 583 ministeria
494 543 744 589 discurrant,
771 547 934 594 quanta
958 547 1047 581 arte
1070 543 1320 582 scindantur
1343 555 1442 581 aues
1465 542 1508 580 in

238 611 376 650 frusta
410 623 494 649 non
530 610 728 656 enormia,
766 623 896 661 quam
931 610 1091 648 curiose
1125 609 1310 648 infelices
1344 608 1507 660 pueruli

239 677 450 717 ebriorum
466 681 594 728 sputa
609 677 867 728 detergeant.
903 690 954 716 ex
971 677 1035 715 his
1051 676 1283 727 elegantiae
1296 675 1508 714 lautitiae-

240 758 322 796 que
333 745 449 783 fama
465 748 676 800 captatur,
696 748 737 782 et
755 757 888 795 usque
906 757 953 782 eo
971 744 1013 782 in
1030 756 1175 782 omnes
1192 743 1308 782 uitae
1326 755 1510 781 secessus

240 812 353 850 mala
375 825 452 850 sua
473 811 565 849 illos
587 815 798 861 secuntur,
823 815 871 849 ut
895 824 970 849 nec
993 811 1143 849 bibant
1167 810 1255 849 sine
1278 809 1510 848 ambitione

199 885 220 919 6
241 892 316 918 nec
331 879 473 917 edant.
533 891 585 916 ne
599 878 690 916 illos
704 878 875 928 quidem
891 878 1000 916 inter
1014 878 1171 916 otiosos
1185 876 1508 921 numerauerim‚

240 946 313 997 qui
338 945 438 984 sella
462 958 504 983 se
529 948 570 983 et
594 944 744 983 lectica
766 945 848 983 huc
872 948 913 983 et
939 944 1035 983 illuc
1055 944 1208 989 ferunt,
1230 948 1271 982 et
1298 944 1351 982 ad
1375 947 1511 994 gesta-

242 1012 408 1052 tionum
432 1024 616 1057 suarum,
643 1011 763 1062 quasi
789 1012 975 1050 deserere
999 1011 1090 1049 illas
1114 1024 1199 1049 non
1222 1011 1359 1056 liceat,
1386 1010 1511 1048 horas

242 1083 481 1125 occurrunt,
493 1091 600 1130 quos
615 1078 787 1129 quando
803 1078 936 1117 lauari
953 1078 1149 1123 debeant,
1160 1077 1332 1128 quando
1349 1080 1510 1122 natare,

243 1146 415 1197 quando
460 1158 620 1191 cenare,
669 1145 774 1184 alius
819 1145 1047 1184 admonet:
1109 1157 1243 1195 usque
1288 1156 1337 1182 eo
1382 1143 1512 1182 nimio

243 1213 412 1252 delicati
435 1212 564 1252 animi
586 1212 786 1263 languore
808 1212 1043 1257 soluuntur,
1068 1215 1116 1250 ut
1139 1224 1213 1263 per
1235 1224 1278 1250 se
1302 1210 1405 1249 scire
1428 1223 1512 1249 non

203 1292 220 1328 7
243 1280 406 1332 possint
437 1293 491 1318 an
520 1279 707 1318 esuriant
727 1279 733 1318 !
814 1279 939 1318 audio
961 1278 1175 1330 quendam
1196 1291 1247 1316 ex
1269 1277 1514 1316 delicatis—-

245 1347 277 1387 si
309 1347 436 1386 modo
468 1346 640 1385 deliciae
670 1346 888 1385 uocandae
919 1349 1017 1385 sunt
1049 1345 1185 1384 uitam
1217 1348 1257 1384 et
1290 1348 1513 1383 consuetu-

245 1414 387 1453 dinem
421 1414 653 1452 humanam
689 1413 966 1459 dedisceress,
1003 1425 1099 1452 cum
1134 1425 1185 1451 ex
1219 1411 1370 1450 balneo
1404 1411 1515 1450 inter

245 1494 396 1520 manus
425 1481 561 1519 elatus
589 1484 631 1519 et
660 1480 702 1518 in
732 1480 832 1519 sella
860 1480 1024 1531 positus
1052 1485 1172 1525 esset,
1204 1478 1359 1517 dixisse
1386 1478 1514 1531 inter-

246 1548 461 1603 rogando:
516 1547 524 1561 ‘
545 1547 630 1586 iam
667 1547 790 1586 sedeo
811 1547 857 1585 ?'
912 1547 1023 1585 hunc
1059 1550 1120 1592 tu,
1158 1546 1424 1597 ignorantem
1461 1557 1514 1583 an

245 1615 404 1660 sedeat,
438 1618 566 1666 putas
598 1614 700 1653 scire
734 1627 786 1652 an
820 1614 952 1659 uiuat,
989 1626 1042 1652 an
1073 1612 1231 1658 uideat,
1268 1625 1321 1651 an
1354 1611 1516 1651 otiosus

247 1682 336 1721 sit?
398 1694 482 1720 non
515 1680 636 1720 facile
670 1680 859 1726 dixerim,
895 1684 1039 1719 utrum
1071 1680 1205 1730 magis
1238 1679 1446 1724 miserear,
1482 1678 1515 1717 si

205 1757 226 1791 8
247 1749 326 1787 hoc
358 1748 582 1799 ignorauit,
619 1761 672 1786 an
706 1747 739 1786 si
772 1747 962 1798 ignorare
996 1760 1038 1786 se
1071 1746 1207 1785 finxit.
1284 1746 1516 1784 multarum

248 1815 419 1866 quidem
445 1828 583 1853 rerum
608 1814 864 1853 obliuionem
889 1813 1091 1859 sentiunt,
1119 1813 1191 1852 sed
1216 1813 1448 1851 multarum
1474 1816 1516 1851 et

249 1882 486 1921 imitantur.
542 1882 753 1930 quaedam
775 1881 882 1920 uitia
903 1880 994 1919 illos
1016 1880 1137 1931 quasi
1160 1879 1374 1918 felicitatis
1396 1892 1516 1930 argu-

250 1952 395 1988 menta
413 1948 627 1987 delectant
649 1960 655 1987 z
693 1948 816 1986 nimis
834 1947 1003 1986 humilis
1022 1951 1064 1986 et
1083 1947 1318 2002 contempti
1337 1945 1518 1984 hominis

250 2016 432 2060 uidetur,
464 2015 566 2054 scire
600 2015 702 2066 quid
732 2014 874 2053 facias.
934 2014 945 2053 i
980 2027 1091 2053 nunc
1124 2018 1165 2052 et
1199 2013 1350 2052 mimos
1382 2012 1519 2056 multa

250 2081 419 2122 mentiri
464 2082 518 2120 ad
563 2082 901 2133 exprobrandam
946 2081 1155 2120 luxuriam
1199 2080 1330 2131 puta!
1398 2079 1520 2131 plura

322 2180 360 2207 11
390 2175 660 2207 numerauerim
690 2176 800 2211 Koch,
829 2174 1080 2206 numeraberis
1106 2174 1135 2204 A
1234 2178 1272 2205 14
1299 2177 1362 2215 pro
1393 2176 1522 2205 natare

257 2229 400 2260 Wolters
420 2229 521 2260 malit
539 2229 729 2260 ambulare
821 2232 859 2259 28
887 2229 999 2259 famas
1018 2228 1062 2264 A,
1084 2227 1196 2258 faciat
1215 2227 1242 2257 A
1266 2237 1351 2258 corr.

1535 827 1572 849 10

1537 1150 1573 1183 15

1535 1488 1577 1510 20

1537 1823 1576 1855 25
