<?xml version="1.0" encoding="UTF-8"?>
<!DOCTYPE html PUBLIC "-//W3C//DTD XHTML 1.0 Transitional//EN"
    "http://www.w3.org/TR/xhtml1/DTD/xhtml1-transitional.dtd">
<html xmlns="http://www.w3.org/1999/xhtml" xml:lang="en" lang="en">
 <head>
  <title>
</title>
<meta http-equiv="Content-Type" content="text/html;charset=utf-8" />
  <meta name='ocr-system' content='tesseract 3.04.00' />
  <meta name='ocr-capabilities' content='ocr_page ocr_carea ocr_par ocr_line ocrx_word'/>
</head>
<body>
  <div class='ocr_page' id='page_1' title='image "./dialogorumliberx00seneuoft_0121.png"; bbox 0 0 1623 2444; ppageno 0'>
   <div class='ocr_carea' id='block_1_1' title="bbox 512 63 1369 114">
    <p class='ocr_par' dir='ltr' id='par_1_1' title="bbox 512 63 1369 114">
     <span class='ocr_line' id='line_1_1' title="bbox 512 63 1369 114; baseline -0.002 -13"><span class='ocrx_word' id='word_1_1' title='bbox 512 65 600 101; x_wconf 84' lang='lat' dir='ltr'>AD</span> <span class='ocrx_word' id='word_1_2' title='bbox 630 63 744 101; x_wconf 62' lang='grc' dir='ltr'>[Ὧι</span> <span class='ocrx_word' id='word_1_3' title='bbox 760 63 861 100; x_wconf 65' lang='grc' dir='ltr'>ΥΒ]</span> <span class='ocrx_word' id='word_1_4' title='bbox 870 64 957 100; x_wconf 85' lang='lat' dir='ltr'>VM</span> <span class='ocrx_word' id='word_1_5' title='bbox 1320 77 1338 114; x_wconf 84' lang='lat'><strong><em>5</em></strong></span> <span class='ocrx_word' id='word_1_6' title='bbox 1348 78 1369 113; x_wconf 81' lang='lat'>3</span> 
     </span>
    </p>
   </div>
   <div class='ocr_carea' id='block_1_2' title="bbox 42 174 1416 2036">
    <p class='ocr_par' dir='ltr' id='par_1_2' title="bbox 42 174 1416 2036">
     <span class='ocr_line' id='line_1_2' title="bbox 95 174 1367 228; baseline -0.002 -13"><span class='ocrx_word' id='word_1_7' title='bbox 95 176 206 228; x_wconf 86' lang='lat' dir='ltr'>cepit</span> <span class='ocrx_word' id='word_1_8' title='bbox 259 188 397 214; x_wconf 85' lang='lat' dir='ltr'>rerum</span> <span class='ocrx_word' id='word_1_9' title='bbox 449 174 639 214; x_wconf 88' lang='lat' dir='ltr'>omnium</span> <span class='ocrx_word' id='word_1_10' title='bbox 690 174 1013 225; x_wconf 86' lang='lat' dir='ltr'>capacissimum</span> <span class='ocrx_word' id='word_1_11' title='bbox 1065 174 1154 213; x_wconf 89' lang='lat' dir='ltr'>eius</span> <span class='ocrx_word' id='word_1_12' title='bbox 1204 179 1367 226; x_wconf 88' lang='lat' dir='ltr'>pectus,</span> 
     </span>
     <span class='ocr_line' id='line_1_3' title="bbox 96 241 1370 293; baseline -0.002 -11"><span class='ocrx_word' id='word_1_13' title='bbox 96 243 317 293; x_wconf 90' lang='lat' dir='ltr'>uictorque</span> <span class='ocrx_word' id='word_1_14' title='bbox 343 242 468 281; x_wconf 91' lang='lat' dir='ltr'>diuus</span> <span class='ocrx_word' id='word_1_15' title='bbox 493 242 713 292; x_wconf 86' lang='lat' dir='ltr'>Augustus</span> <span class='ocrx_word' id='word_1_16' title='bbox 739 253 824 279; x_wconf 93' lang='lat' dir='ltr'>non</span> <span class='ocrx_word' id='word_1_17' title='bbox 851 241 1041 291; x_wconf 82' lang='lat' dir='ltr'>gentium</span> <span class='ocrx_word' id='word_1_18' title='bbox 1068 242 1370 280; x_wconf 84' lang='lat' dir='ltr'>tantummodo</span> 
     </span>
     <span class='ocr_line' id='line_1_4' title="bbox 97 307 1416 354; baseline -0.002 -5"><span class='ocrx_word' id='word_1_19' title='bbox 97 314 368 349; x_wconf 87' lang='lat' dir='ltr'>externarum</span> <span class='ocrx_word' id='word_1_20' title='bbox 398 309 472 348; x_wconf 88' lang='lat' dir='ltr'>sed</span> <span class='ocrx_word' id='word_1_21' title='bbox 503 308 631 347; x_wconf 89' lang='lat' dir='ltr'>etiam</span> <span class='ocrx_word' id='word_1_22' title='bbox 663 307 856 346; x_wconf 88' lang='lat' dir='ltr'>dolorum</span> <span class='ocrx_word' id='word_1_23' title='bbox 887 307 982 346; x_wconf 79' lang='lat' dir='ltr'>fuit.</span> <span class='ocrx_word' id='word_1_24' title='bbox 1041 307 1172 347; x_wconf 84' lang='lat' dir='ltr'>Gaius</span> <span class='ocrx_word' id='word_1_25' title='bbox 1202 308 1368 354; x_wconf 86' lang='lat' dir='ltr'>Caesar,</span> <span class='ocrx_word' id='word_1_26' title='bbox 1392 319 1416 352; x_wconf 82' lang='lat'>4</span> 
     </span>
     <span class='ocr_line' id='line_1_5' title="bbox 97 374 1372 427; baseline -0.002 -11"><span class='ocrx_word' id='word_1_27' title='bbox 97 377 183 416; x_wconf 91' lang='lat' dir='ltr'>diui</span> <span class='ocrx_word' id='word_1_28' title='bbox 204 376 399 427; x_wconf 80' lang='lat' dir='ltr'>Augusti,</span> <span class='ocrx_word' id='word_1_29' title='bbox 422 375 619 414; x_wconf 90' lang='lat' dir='ltr'>auunculi</span> <span class='ocrx_word' id='word_1_30' title='bbox 641 374 722 413; x_wconf 90' lang='lat' dir='ltr'>mei</span> <span class='ocrx_word' id='word_1_31' title='bbox 744 374 899 425; x_wconf 86' lang='lat' dir='ltr'>magni,</span> <span class='ocrx_word' id='word_1_32' title='bbox 924 387 1066 426; x_wconf 89' lang='lat' dir='ltr'>nepos,</span> <span class='ocrx_word' id='word_1_33' title='bbox 1085 375 1195 414; x_wconf 89' lang='lat' dir='ltr'>circa</span> <span class='ocrx_word' id='word_1_34' title='bbox 1213 375 1372 426; x_wconf 87' lang='lat' dir='ltr'>primos</span> 
     </span>
     <span class='ocr_line' id='line_1_6' title="bbox 62 441 1370 492; baseline -0.002 -10"><span class='ocrx_word' id='word_1_35' title='bbox 62 460 77 492; x_wconf 85' lang='lat'>5</span> <span class='ocrx_word' id='word_1_36' title='bbox 97 444 296 482; x_wconf 90' lang='lat' dir='ltr'>iuuentae</span> <span class='ocrx_word' id='word_1_37' title='bbox 317 455 417 482; x_wconf 90' lang='lat' dir='ltr'>suae</span> <span class='ocrx_word' id='word_1_38' title='bbox 440 455 573 482; x_wconf 88' lang='lat' dir='ltr'>annos</span> <span class='ocrx_word' id='word_1_39' title='bbox 595 442 773 481; x_wconf 87' lang='lat' dir='ltr'>Lucium</span> <span class='ocrx_word' id='word_1_40' title='bbox 795 441 971 480; x_wconf 80' lang='lat' dir='ltr'>fratrem</span> <span class='ocrx_word' id='word_1_41' title='bbox 993 441 1256 481; x_wconf 87' lang='lat' dir='ltr'>carissimum</span> <span class='ocrx_word' id='word_1_42' title='bbox 1277 442 1370 488; x_wconf 87' lang='lat' dir='ltr'>sibi,</span> 
     </span>
     <span class='ocr_line' id='line_1_7' title="bbox 98 508 1370 562; baseline -0.001 -13"><span class='ocrx_word' id='word_1_43' title='bbox 98 510 293 562; x_wconf 88' lang='lat' dir='ltr'>princeps</span> <span class='ocrx_word' id='word_1_44' title='bbox 335 509 572 550; x_wconf 89' lang='lat' dir='ltr'>iuuentutis</span> <span class='ocrx_word' id='word_1_45' title='bbox 614 509 847 561; x_wconf 79' lang='lat' dir='ltr'>principem</span> <span class='ocrx_word' id='word_1_46' title='bbox 891 508 1078 547; x_wconf 90' lang='lat' dir='ltr'>eiusdem</span> <span class='ocrx_word' id='word_1_47' title='bbox 1121 509 1370 555; x_wconf 83' lang='lat' dir='ltr'>iuuentutis,</span> 
     </span>
     <span class='ocr_line' id='line_1_8' title="bbox 99 575 1372 629; baseline -0.002 -13"><span class='ocrx_word' id='word_1_48' title='bbox 99 577 239 616; x_wconf 85' lang='lat' dir='ltr'>amisit</span> <span class='ocrx_word' id='word_1_49' title='bbox 269 577 312 616; x_wconf 90' lang='lat' dir='ltr'>in</span> <span class='ocrx_word' id='word_1_50' title='bbox 343 581 553 629; x_wconf 87' lang='lat' dir='ltr'>apparatu</span> <span class='ocrx_word' id='word_1_51' title='bbox 586 576 771 615; x_wconf 79' lang='lat' dir='ltr'>Parthici</span> <span class='ocrx_word' id='word_1_52' title='bbox 802 575 912 621; x_wconf 90' lang='lat' dir='ltr'>belli,</span> <span class='ocrx_word' id='word_1_53' title='bbox 944 580 985 614; x_wconf 89' lang='lat' dir='ltr'>et</span> <span class='ocrx_word' id='word_1_54' title='bbox 1015 576 1206 627; x_wconf 85' lang='lat' dir='ltr'>grauiore</span> <span class='ocrx_word' id='word_1_55' title='bbox 1235 576 1372 615; x_wconf 89' lang='lat' dir='ltr'>multo</span> 
     </span>
     <span class='ocr_line' id='line_1_9' title="bbox 97 642 1375 695; baseline -0.002 -12"><span class='ocrx_word' id='word_1_56' title='bbox 97 644 225 683; x_wconf 88' lang='lat' dir='ltr'>animi</span> <span class='ocrx_word' id='word_1_57' title='bbox 252 645 422 684; x_wconf 91' lang='lat' dir='ltr'>uolnere</span> <span class='ocrx_word' id='word_1_58' title='bbox 447 656 576 695; x_wconf 90' lang='lat' dir='ltr'>quam</span> <span class='ocrx_word' id='word_1_59' title='bbox 603 647 752 695; x_wconf 86' lang='lat' dir='ltr'>postea</span> <span class='ocrx_word' id='word_1_60' title='bbox 778 642 962 694; x_wconf 90' lang='lat' dir='ltr'>corporis</span> <span class='ocrx_word' id='word_1_61' title='bbox 988 643 1098 682; x_wconf 88' lang='lat' dir='ltr'>ictus</span> <span class='ocrx_word' id='word_1_62' title='bbox 1125 647 1187 682; x_wconf 90' lang='lat' dir='ltr'>est</span> <span class='ocrx_word' id='word_1_63' title='bbox 1206 654 1216 690; x_wconf 89' lang='lat'>;</span> <span class='ocrx_word' id='word_1_64' title='bbox 1259 643 1375 694; x_wconf 89' lang='lat' dir='ltr'>quod</span> 
     </span>
     <span class='ocr_line' id='line_1_10' title="bbox 98 709 1415 763; baseline -0.002 -12"><span class='ocrx_word' id='word_1_65' title='bbox 98 716 327 762; x_wconf 84' lang='lat' dir='ltr'>utrumque</span> <span class='ocrx_word' id='word_1_66' title='bbox 359 715 401 750; x_wconf 90' lang='lat' dir='ltr'>et</span> <span class='ocrx_word' id='word_1_67' title='bbox 434 711 619 763; x_wconf 76' lang='lat' dir='ltr'>piissime</span> <span class='ocrx_word' id='word_1_68' title='bbox 652 710 764 748; x_wconf 90' lang='lat' dir='ltr'>idem</span> <span class='ocrx_word' id='word_1_69' title='bbox 797 714 838 748; x_wconf 89' lang='lat' dir='ltr'>et</span> <span class='ocrx_word' id='word_1_70' title='bbox 873 709 1099 748; x_wconf 74' lang='lat' dir='ltr'>fortissime</span> <span class='ocrx_word' id='word_1_71' title='bbox 1132 710 1244 749; x_wconf 89' lang='lat' dir='ltr'>tulit.</span> <span class='ocrx_word' id='word_1_72' title='bbox 1306 710 1372 749; x_wconf 79' lang='lat' dir='ltr'>Ti.</span> <span class='ocrx_word' id='word_1_73' title='bbox 1395 715 1415 753; x_wconf 85' lang='lat'><strong>5</strong></span> 
     </span>
     <span class='ocr_line' id='line_1_11' title="bbox 43 776 1373 830; baseline -0.002 -12"><span class='ocrx_word' id='word_1_74' title='bbox 43 792 80 814; x_wconf 93' lang='lat'>10</span> <span class='ocrx_word' id='word_1_75' title='bbox 98 779 250 818; x_wconf 88' lang='lat' dir='ltr'>Caesar</span> <span class='ocrx_word' id='word_1_76' title='bbox 282 782 463 830; x_wconf 88' lang='lat' dir='ltr'>patruus</span> <span class='ocrx_word' id='word_1_77' title='bbox 496 790 614 817; x_wconf 89' lang='lat' dir='ltr'>meus</span> <span class='ocrx_word' id='word_1_78' title='bbox 648 778 835 816; x_wconf 80' lang='lat' dir='ltr'>Drusum</span> <span class='ocrx_word' id='word_1_79' title='bbox 870 776 1170 816; x_wconf 87' lang='lat' dir='ltr'>Germanicum</span> <span class='ocrx_word' id='word_1_80' title='bbox 1204 782 1373 829; x_wconf 90' lang='lat' dir='ltr'>patrem</span> 
     </span>
     <span class='ocr_line' id='line_1_12' title="bbox 99 844 1373 895; baseline -0.002 -11"><span class='ocrx_word' id='word_1_81' title='bbox 99 858 253 891; x_wconf 88' lang='lat' dir='ltr'>meum,</span> <span class='ocrx_word' id='word_1_82' title='bbox 277 845 482 884; x_wconf 88' lang='lat' dir='ltr'>minorem</span> <span class='ocrx_word' id='word_1_83' title='bbox 504 848 610 883; x_wconf 90' lang='lat' dir='ltr'>natu</span> <span class='ocrx_word' id='word_1_84' title='bbox 632 857 762 895; x_wconf 88' lang='lat' dir='ltr'>quam</span> <span class='ocrx_word' id='word_1_85' title='bbox 784 844 872 895; x_wconf 88' lang='lat' dir='ltr'>ipse</span> <span class='ocrx_word' id='word_1_86' title='bbox 894 848 983 882; x_wconf 88' lang='lat' dir='ltr'>erat</span> <span class='ocrx_word' id='word_1_87' title='bbox 1007 844 1195 889; x_wconf 84' lang='lat' dir='ltr'>fratrem,</span> <span class='ocrx_word' id='word_1_88' title='bbox 1220 844 1373 893; x_wconf 51' lang='lat' dir='ltr'>intima</span> 
     </span>
     <span class='ocr_line' id='line_1_13' title="bbox 99 911 1373 962; baseline -0.002 -11"><span class='ocrx_word' id='word_1_89' title='bbox 99 912 349 951; x_wconf 79' lang='lat' dir='ltr'>Germaniae</span> <span class='ocrx_word' id='word_1_90' title='bbox 364 912 650 951; x_wconf 77' lang='lat' dir='ltr'>recludentem</span> <span class='ocrx_word' id='word_1_91' title='bbox 666 915 707 950; x_wconf 90' lang='lat' dir='ltr'>et</span> <span class='ocrx_word' id='word_1_92' title='bbox 722 916 868 962; x_wconf 82' lang='lat' dir='ltr'>gentes</span> <span class='ocrx_word' id='word_1_93' title='bbox 883 911 1161 949; x_wconf 79' lang='lat' dir='ltr'>ferocissimas</span> <span class='ocrx_word' id='word_1_94' title='bbox 1176 912 1373 950; x_wconf 89' lang='lat' dir='ltr'>Romano</span> 
     </span>
     <span class='ocr_line' id='line_1_14' title="bbox 99 978 1373 1030; baseline -0.002 -12"><span class='ocrx_word' id='word_1_95' title='bbox 99 979 376 1018; x_wconf 87' lang='lat' dir='ltr'>subicientem</span> <span class='ocrx_word' id='word_1_96' title='bbox 407 979 595 1030; x_wconf 90' lang='lat' dir='ltr'>imperio,</span> <span class='ocrx_word' id='word_1_97' title='bbox 629 978 671 1016; x_wconf 93' lang='lat' dir='ltr'>in</span> <span class='ocrx_word' id='word_1_98' title='bbox 702 978 925 1029; x_wconf 81' lang='lat' dir='ltr'>complexu</span> <span class='ocrx_word' id='word_1_99' title='bbox 957 982 998 1016; x_wconf 92' lang='lat' dir='ltr'>et</span> <span class='ocrx_word' id='word_1_100' title='bbox 1030 978 1072 1016; x_wconf 90' lang='lat' dir='ltr'>in</span> <span class='ocrx_word' id='word_1_101' title='bbox 1104 979 1256 1017; x_wconf 86' lang='lat' dir='ltr'>osculis</span> <span class='ocrx_word' id='word_1_102' title='bbox 1287 978 1373 1017; x_wconf 91' lang='lat' dir='ltr'>suis</span> 
     </span>
     <span class='ocr_line' id='line_1_15' title="bbox 101 1045 1373 1096; baseline -0.002 -11"><span class='ocrx_word' id='word_1_103' title='bbox 101 1046 269 1086; x_wconf 90' lang='lat' dir='ltr'>amisit:</span> <span class='ocrx_word' id='word_1_104' title='bbox 313 1046 488 1085; x_wconf 90' lang='lat' dir='ltr'>modum</span> <span class='ocrx_word' id='word_1_105' title='bbox 516 1050 660 1084; x_wconf 87' lang='lat' dir='ltr'>tamen</span> <span class='ocrx_word' id='word_1_106' title='bbox 686 1045 855 1096; x_wconf 84' lang='lat' dir='ltr'>lugendi</span> <span class='ocrx_word' id='word_1_107' title='bbox 883 1058 967 1084; x_wconf 90' lang='lat' dir='ltr'>non</span> <span class='ocrx_word' id='word_1_108' title='bbox 994 1045 1072 1083; x_wconf 90' lang='lat' dir='ltr'>sibi</span> <span class='ocrx_word' id='word_1_109' title='bbox 1100 1049 1272 1084; x_wconf 89' lang='lat' dir='ltr'>tantum</span> <span class='ocrx_word' id='word_1_110' title='bbox 1299 1045 1373 1084; x_wconf 91' lang='lat' dir='ltr'>sed</span> 
     </span>
     <span class='ocr_line' id='line_1_16' title="bbox 45 1112 1372 1160; baseline 0.001 -10"><span class='ocrx_word' id='word_1_111' title='bbox 45 1126 81 1160; x_wconf 86' lang='lat'>¹5</span> <span class='ocrx_word' id='word_1_112' title='bbox 100 1113 230 1152; x_wconf 89' lang='lat' dir='ltr'>etiam</span> <span class='ocrx_word' id='word_1_113' title='bbox 252 1113 342 1152; x_wconf 90' lang='lat' dir='ltr'>aliis</span> <span class='ocrx_word' id='word_1_114' title='bbox 362 1113 475 1159; x_wconf 85' lang='lat' dir='ltr'>fecit,</span> <span class='ocrx_word' id='word_1_115' title='bbox 499 1126 547 1152; x_wconf 89' lang='lat' dir='ltr'>ac</span> <span class='ocrx_word' id='word_1_116' title='bbox 567 1116 708 1152; x_wconf 86' lang='lat' dir='ltr'>totum</span> <span class='ocrx_word' id='word_1_117' title='bbox 730 1112 974 1158; x_wconf 85' lang='lat' dir='ltr'>exercitum,</span> <span class='ocrx_word' id='word_1_118' title='bbox 998 1125 1082 1151; x_wconf 90' lang='lat' dir='ltr'>non</span> <span class='ocrx_word' id='word_1_119' title='bbox 1103 1113 1239 1151; x_wconf 91' lang='lat' dir='ltr'>solum</span> <span class='ocrx_word' id='word_1_120' title='bbox 1259 1125 1372 1151; x_wconf 86' lang='lat' dir='ltr'>mae-</span> 
     </span>
     <span class='ocr_line' id='line_1_17' title="bbox 100 1179 1372 1240; baseline -0.001 -21"><span class='ocrx_word' id='word_1_121' title='bbox 100 1184 220 1240; x_wconf 61' lang='lat' dir='ltr'>stuffi</span> <span class='ocrx_word' id='word_1_122' title='bbox 255 1181 329 1239; x_wconf 88' lang='lat' dir='ltr'>sed</span> <span class='ocrx_word' id='word_1_123' title='bbox 369 1180 498 1219; x_wconf 89' lang='lat' dir='ltr'>etiam</span> <span class='ocrx_word' id='word_1_124' title='bbox 540 1180 787 1225; x_wconf 86' lang='lat' dir='ltr'>attonitum,</span> <span class='ocrx_word' id='word_1_125' title='bbox 830 1192 982 1231; x_wconf 90' lang='lat' dir='ltr'>corpus</span> <span class='ocrx_word' id='word_1_126' title='bbox 1022 1180 1148 1218; x_wconf 89' lang='lat' dir='ltr'>Drusi</span> <span class='ocrx_word' id='word_1_127' title='bbox 1189 1179 1252 1218; x_wconf 89' lang='lat' dir='ltr'>sui</span> <span class='ocrx_word' id='word_1_128' title='bbox 1294 1179 1372 1218; x_wconf 90' lang='lat' dir='ltr'>sibi</span> 
     </span>
     <span class='ocr_line' id='line_1_18' title="bbox 100 1246 1371 1298; baseline -0.001 -12"><span class='ocrx_word' id='word_1_129' title='bbox 100 1247 402 1294; x_wconf 87' lang='lat' dir='ltr'>uindicantem,</span> <span class='ocrx_word' id='word_1_130' title='bbox 456 1247 510 1286; x_wconf 92' lang='lat' dir='ltr'>ad</span> <span class='ocrx_word' id='word_1_131' title='bbox 560 1259 720 1286; x_wconf 90' lang='lat' dir='ltr'>morem</span> <span class='ocrx_word' id='word_1_132' title='bbox 772 1246 955 1285; x_wconf 88' lang='lat' dir='ltr'>Romani</span> <span class='ocrx_word' id='word_1_133' title='bbox 1006 1247 1146 1285; x_wconf 89' lang='lat' dir='ltr'>luctus</span> <span class='ocrx_word' id='word_1_134' title='bbox 1197 1247 1371 1298; x_wconf 84' lang='lat' dir='ltr'>redegit,</span> 
     </span>
     <span class='ocr_line' id='line_1_19' title="bbox 100 1313 1374 1366; baseline 0 -14"><span class='ocrx_word' id='word_1_135' title='bbox 100 1314 390 1366; x_wconf 85' lang='lat' dir='ltr'>iudicauitque</span> <span class='ocrx_word' id='word_1_136' title='bbox 422 1327 507 1353; x_wconf 92' lang='lat' dir='ltr'>non</span> <span class='ocrx_word' id='word_1_137' title='bbox 536 1313 747 1353; x_wconf 86' lang='lat' dir='ltr'>militandi</span> <span class='ocrx_word' id='word_1_138' title='bbox 780 1318 952 1353; x_wconf 88' lang='lat' dir='ltr'>tantum</span> <span class='ocrx_word' id='word_1_139' title='bbox 984 1313 1249 1365; x_wconf 79' lang='lat' dir='ltr'>disciplinam</span> <span class='ocrx_word' id='word_1_140' title='bbox 1286 1326 1374 1352; x_wconf 90' lang='lat' dir='ltr'>esse</span> 
     </span>
     <span class='ocr_line' id='line_1_20' title="bbox 101 1380 1374 1432; baseline -0.001 -12"><span class='ocrx_word' id='word_1_141' title='bbox 101 1382 355 1421; x_wconf 89' lang='lat' dir='ltr'>seruandam</span> <span class='ocrx_word' id='word_1_142' title='bbox 397 1381 471 1421; x_wconf 89' lang='lat' dir='ltr'>sed</span> <span class='ocrx_word' id='word_1_143' title='bbox 513 1381 642 1420; x_wconf 90' lang='lat' dir='ltr'>etiam</span> <span class='ocrx_word' id='word_1_144' title='bbox 686 1381 867 1420; x_wconf 91' lang='lat' dir='ltr'>dolendi.</span> <span class='ocrx_word' id='word_1_145' title='bbox 927 1393 1011 1419; x_wconf 90' lang='lat' dir='ltr'>non</span> <span class='ocrx_word' id='word_1_146' title='bbox 1054 1381 1261 1432; x_wconf 80' lang='lat' dir='ltr'>potuisset</span> <span class='ocrx_word' id='word_1_147' title='bbox 1306 1380 1374 1419; x_wconf 89' lang='lat' dir='ltr'>ille</span> 
     </span>
     <span class='ocr_line' id='line_1_21' title="bbox 42 1447 1371 1500; baseline -0.002 -12"><span class='ocrx_word' id='word_1_148' title='bbox 42 1466 84 1488; x_wconf 91' lang='lat'>20</span> <span class='ocrx_word' id='word_1_149' title='bbox 100 1448 295 1488; x_wconf 82' lang='lat' dir='ltr'>lacrimas</span> <span class='ocrx_word' id='word_1_150' title='bbox 341 1448 498 1488; x_wconf 84' lang='lat' dir='ltr'>alienas</span> <span class='ocrx_word' id='word_1_151' title='bbox 544 1460 820 1500; x_wconf 85' lang='lat' dir='ltr'>compescere,</span> <span class='ocrx_word' id='word_1_152' title='bbox 870 1447 947 1487; x_wconf 90' lang='lat' dir='ltr'>nisi</span> <span class='ocrx_word' id='word_1_153' title='bbox 993 1447 1110 1500; x_wconf 85' lang='lat' dir='ltr'>prius</span> <span class='ocrx_word' id='word_1_154' title='bbox 1154 1447 1371 1499; x_wconf 84' lang='lat' dir='ltr'>pressisset</span> 
     </span>
     <span class='ocr_line' id='line_1_22' title="bbox 102 1528 212 1556; baseline 0.018 -2"><span class='ocrx_word' id='word_1_155' title='bbox 102 1528 212 1556; x_wconf 88' lang='lat' dir='ltr'>suas.</span> 
     </span>
     <span class='ocr_line' id='line_1_23' title="bbox 185 1578 1412 1628; baseline -0.002 -6"><span class='ocrx_word' id='word_1_156' title='bbox 185 1578 260 1623; x_wconf 83' lang='lat'>16.</span> <span class='ocrx_word' id='word_1_157' title='bbox 322 1587 331 1601; x_wconf 86' lang='lat'><em>‘</em></span> <span class='ocrx_word' id='word_1_158' title='bbox 347 1583 402 1622; x_wconf 90' lang='lat' dir='ltr'>M.</span> <span class='ocrx_word' id='word_1_159' title='bbox 419 1582 631 1621; x_wconf 89' lang='lat' dir='ltr'>Antonius</span> <span class='ocrx_word' id='word_1_160' title='bbox 653 1595 758 1621; x_wconf 90' lang='lat' dir='ltr'>auus</span> <span class='ocrx_word' id='word_1_161' title='bbox 777 1594 909 1628; x_wconf 89' lang='lat' dir='ltr'>meus,</span> <span class='ocrx_word' id='word_1_162' title='bbox 933 1581 1047 1620; x_wconf 92' lang='lat' dir='ltr'>nullo</span> <span class='ocrx_word' id='word_1_163' title='bbox 1067 1581 1204 1621; x_wconf 87' lang='lat' dir='ltr'>minor</span> <span class='ocrx_word' id='word_1_164' title='bbox 1225 1581 1303 1620; x_wconf 89' lang='lat' dir='ltr'>nisi</span> <span class='ocrx_word' id='word_1_165' title='bbox 1325 1594 1373 1620; x_wconf 94' lang='lat' dir='ltr'>eo</span> <span class='ocrx_word' id='word_1_166' title='bbox 1400 1593 1412 1616; x_wconf 94' lang='lat'>1</span> 
     </span>
     <span class='ocr_line' id='line_1_24' title="bbox 101 1648 1371 1700; baseline 0.001 -13"><span class='ocrx_word' id='word_1_167' title='bbox 101 1662 126 1687; x_wconf 91' lang='grc'>3</span> <span class='ocrx_word' id='word_1_168' title='bbox 145 1662 230 1700; x_wconf 93' lang='lat' dir='ltr'>quo</span> <span class='ocrx_word' id='word_1_169' title='bbox 250 1649 390 1689; x_wconf 89' lang='lat' dir='ltr'>uictus</span> <span class='ocrx_word' id='word_1_170' title='bbox 410 1654 487 1696; x_wconf 87' lang='lat' dir='ltr'>est,</span> <span class='ocrx_word' id='word_1_171' title='bbox 509 1653 612 1689; x_wconf 92' lang='lat' dir='ltr'>tunc</span> <span class='ocrx_word' id='word_1_172' title='bbox 633 1662 729 1688; x_wconf 88' lang='lat' dir='ltr'>cum</span> <span class='ocrx_word' id='word_1_173' title='bbox 750 1661 838 1688; x_wconf 88' lang='lat' dir='ltr'>rem</span> <span class='ocrx_word' id='word_1_174' title='bbox 858 1648 1073 1700; x_wconf 77' lang='lat' dir='ltr'>publicam</span> <span class='ocrx_word' id='word_1_175' title='bbox 1094 1649 1371 1699; x_wconf 56' lang='lat' dir='ltr'>constitueret</span> 
     </span>
     <span class='ocr_line' id='line_1_25' title="bbox 101 1716 1374 1768; baseline 0 -14"><span class='ocrx_word' id='word_1_176' title='bbox 101 1720 143 1754; x_wconf 88' lang='lat' dir='ltr'>et</span> <span class='ocrx_word' id='word_1_177' title='bbox 188 1716 441 1755; x_wconf 88' lang='lat' dir='ltr'>triumuirali</span> <span class='ocrx_word' id='word_1_178' title='bbox 486 1720 702 1768; x_wconf 84' lang='lat' dir='ltr'>potestate</span> <span class='ocrx_word' id='word_1_179' title='bbox 747 1716 965 1768; x_wconf 88' lang='lat' dir='ltr'>praeditus</span> <span class='ocrx_word' id='word_1_180' title='bbox 1010 1716 1112 1754; x_wconf 90' lang='lat' dir='ltr'>nihil</span> <span class='ocrx_word' id='word_1_181' title='bbox 1158 1729 1286 1767; x_wconf 90' lang='lat' dir='ltr'>supra</span> <span class='ocrx_word' id='word_1_182' title='bbox 1331 1729 1374 1754; x_wconf 91' lang='lat' dir='ltr'>se</span> 
     </span>
     <span class='ocr_line' id='line_1_26' title="bbox 43 1774 1372 1836; baseline 0.002 -18"><span class='ocrx_word' id='word_1_183' title='bbox 43 1794 81 1827; x_wconf 85' lang='lat'>25</span> <span class='ocrx_word' id='word_1_184' title='bbox 101 1782 278 1829; x_wconf 89' lang='lat' dir='ltr'>uideret,</span> <span class='ocrx_word' id='word_1_185' title='bbox 305 1783 493 1836; x_wconf 84' lang='lat' dir='ltr'>exceptis</span> <span class='ocrx_word' id='word_1_186' title='bbox 519 1796 618 1822; x_wconf 91' lang='lat' dir='ltr'>uero</span> <span class='ocrx_word' id='word_1_187' title='bbox 644 1783 810 1822; x_wconf 92' lang='lat' dir='ltr'>duobus</span> <span class='ocrx_word' id='word_1_188' title='bbox 835 1782 1002 1834; x_wconf 84' lang='lat' dir='ltr'>collegis</span> <span class='ocrx_word' id='word_1_189' title='bbox 1027 1783 1171 1821; x_wconf 89' lang='lat' dir='ltr'>omnia</span> <span class='ocrx_word' id='word_1_190' title='bbox 1195 1774 1305 1821; x_wconf 75' lang='lat' dir='ltr'>infra</span> <span class='ocrx_word' id='word_1_191' title='bbox 1330 1796 1372 1821; x_wconf 89' lang='lat' dir='ltr'>se</span> 
     </span>
     <span class='ocr_line' id='line_1_27' title="bbox 100 1850 1414 1901; baseline -0.001 -12"><span class='ocrx_word' id='word_1_192' title='bbox 100 1854 300 1897; x_wconf 83' lang='lat' dir='ltr'>cerneret,</span> <span class='ocrx_word' id='word_1_193' title='bbox 319 1850 494 1889; x_wconf 79' lang='lat' dir='ltr'>fratrem</span> <span class='ocrx_word' id='word_1_194' title='bbox 510 1850 782 1889; x_wconf 79' lang='lat' dir='ltr'>interfectum</span> <span class='ocrx_word' id='word_1_195' title='bbox 800 1850 978 1889; x_wconf 80' lang='lat' dir='ltr'>audiuit.</span> <span class='ocrx_word' id='word_1_196' title='bbox 1033 1850 1224 1889; x_wconf 89' lang='lat' dir='ltr'>Fortuna</span> <span class='ocrx_word' id='word_1_197' title='bbox 1240 1850 1372 1901; x_wconf 91' lang='lat' dir='ltr'>impo-</span> <span class='ocrx_word' id='word_1_198' title='bbox 1396 1865 1414 1888; x_wconf 87' lang='lat'><strong>2</strong></span> 
     </span>
     <span class='ocr_line' id='line_1_28' title="bbox 101 1916 1369 1968; baseline -0.001 -12"><span class='ocrx_word' id='word_1_199' title='bbox 101 1919 208 1963; x_wconf 82' lang='lat' dir='ltr'>tens,</span> <span class='ocrx_word' id='word_1_200' title='bbox 238 1917 384 1968; x_wconf 89' lang='lat' dir='ltr'>quales</span> <span class='ocrx_word' id='word_1_201' title='bbox 412 1930 463 1956; x_wconf 86' lang='lat' dir='ltr'>ex</span> <span class='ocrx_word' id='word_1_202' title='bbox 491 1917 687 1956; x_wconf 88' lang='lat' dir='ltr'>humanis</span> <span class='ocrx_word' id='word_1_203' title='bbox 714 1917 836 1956; x_wconf 78' lang='lat' dir='ltr'>malis</span> <span class='ocrx_word' id='word_1_204' title='bbox 864 1916 942 1956; x_wconf 87' lang='lat' dir='ltr'>tibi</span> <span class='ocrx_word' id='word_1_205' title='bbox 971 1916 1063 1968; x_wconf 89' lang='lat' dir='ltr'>ipsa</span> <span class='ocrx_word' id='word_1_206' title='bbox 1089 1917 1211 1956; x_wconf 93' lang='lat' dir='ltr'>ludos</span> <span class='ocrx_word' id='word_1_207' title='bbox 1239 1916 1369 1956; x_wconf 81' lang='lat' dir='ltr'>facis!</span> 
     </span>
     <span class='ocr_line' id='line_1_29' title="bbox 101 1983 1371 2036; baseline 0 -14"><span class='ocrx_word' id='word_1_208' title='bbox 101 1995 149 2022; x_wconf 90' lang='lat' dir='ltr'>eo</span> <span class='ocrx_word' id='word_1_209' title='bbox 183 1983 275 2035; x_wconf 90' lang='lat' dir='ltr'>ipso</span> <span class='ocrx_word' id='word_1_210' title='bbox 309 1988 514 2036; x_wconf 89' lang='lat' dir='ltr'>tempore,</span> <span class='ocrx_word' id='word_1_211' title='bbox 550 1997 635 2036; x_wconf 92' lang='lat' dir='ltr'>quo</span> <span class='ocrx_word' id='word_1_212' title='bbox 670 1984 725 2024; x_wconf 91' lang='lat' dir='ltr'>M.</span> <span class='ocrx_word' id='word_1_213' title='bbox 763 1983 973 2024; x_wconf 91' lang='lat' dir='ltr'>Antonius</span> <span class='ocrx_word' id='word_1_214' title='bbox 1007 1983 1165 2023; x_wconf 90' lang='lat' dir='ltr'>ciuium</span> <span class='ocrx_word' id='word_1_215' title='bbox 1199 1996 1371 2022; x_wconf 89' lang='lat' dir='ltr'>suorum</span> 
     </span>
    </p>
   </div>
   <div class='ocr_carea' id='block_1_3' title="bbox 99 2089 1372 2234">
    <p class='ocr_par' dir='ltr' id='par_1_3' title="bbox 99 2089 1372 2234">
     <span class='ocr_line' id='line_1_30' title="bbox 168 2089 1372 2132; baseline 0 -12"><span class='ocrx_word' id='word_1_216' title='bbox 168 2093 185 2120; x_wconf 85' lang='lat'>1</span> <span class='ocrx_word' id='word_1_217' title='bbox 210 2089 493 2131; x_wconf 82' lang='lat' dir='ltr'>capacissimum</span> <span class='ocrx_word' id='word_1_218' title='bbox 504 2090 639 2127; x_wconf 77' lang='lat' dir='ltr'>Gruter,</span> <span class='ocrx_word' id='word_1_219' title='bbox 656 2089 936 2132; x_wconf 86' lang='lat' dir='ltr'>pacatissimum</span> <span class='ocrx_word' id='word_1_220' title='bbox 948 2090 1013 2120; x_wconf 85' lang='lat' dir='ltr'>BE</span> <span class='ocrx_word' id='word_1_221' title='bbox 1083 2094 1103 2120; x_wconf 80' lang='lat'>4</span> <span class='ocrx_word' id='word_1_222' title='bbox 1121 2089 1244 2130; x_wconf 85' lang='lat' dir='ltr'>magni</span> <span class='ocrx_word' id='word_1_223' title='bbox 1259 2099 1372 2131; x_wconf 90' lang='lat' dir='ltr'>nepos</span> 
     </span>
     <span class='ocr_line' id='line_1_31' title="bbox 99 2140 1369 2183; baseline 0 -11"><span class='ocrx_word' id='word_1_224' title='bbox 99 2140 261 2182; x_wconf 82' lang='lat' dir='ltr'>Madvig,</span> <span class='ocrx_word' id='word_1_225' title='bbox 276 2151 318 2173; x_wconf 86' lang='lat' dir='ltr'>ac</span> <span class='ocrx_word' id='word_1_226' title='bbox 332 2152 444 2183; x_wconf 89' lang='lat' dir='ltr'>nepos</span> <span class='ocrx_word' id='word_1_227' title='bbox 458 2142 573 2179; x_wconf 87' lang='lat' dir='ltr'>BHG,</span> <span class='ocrx_word' id='word_1_228' title='bbox 594 2142 757 2183; x_wconf 88' lang='lat' dir='ltr'>adnepos</span> <span class='ocrx_word' id='word_1_229' title='bbox 774 2142 857 2178; x_wconf 90' lang='lat' dir='ltr'>DV,</span> <span class='ocrx_word' id='word_1_230' title='bbox 874 2143 1038 2183; x_wconf 85' lang='lat' dir='ltr'>abnepos</span> <span class='ocrx_word' id='word_1_231' title='bbox 1054 2142 1086 2172; x_wconf 89' lang='lat' dir='ltr'><em>E</em></span> <span class='ocrx_word' id='word_1_232' title='bbox 1179 2146 1196 2173; x_wconf 87' lang='grc'>9</span> <span class='ocrx_word' id='word_1_233' title='bbox 1222 2141 1274 2173; x_wconf 83' lang='lat' dir='ltr'>Ti.</span> <span class='ocrx_word' id='word_1_234' title='bbox 1290 2142 1369 2172; x_wconf 83' lang='lat' dir='ltr'>add.</span> 
     </span>
     <span class='ocr_line' id='line_1_32' title="bbox 99 2190 1092 2234; baseline 0.002 -13"><span class='ocrx_word' id='word_1_235' title='bbox 99 2190 249 2232; x_wconf 78' lang='lat' dir='ltr'>Lipsius</span> <span class='ocrx_word' id='word_1_236' title='bbox 267 2196 297 2224; x_wconf 83' lang='lat' dir='ltr'>et</span> <span class='ocrx_word' id='word_1_237' title='bbox 314 2193 466 2234; x_wconf 73' lang='lat' dir='ltr'>Madvig</span> <span class='ocrx_word' id='word_1_238' title='bbox 557 2197 595 2224; x_wconf 86' lang='lat'>25</span> <span class='ocrx_word' id='word_1_239' title='bbox 620 2193 763 2225; x_wconf 82' lang='lat' dir='ltr'>uideret</span> <span class='ocrx_word' id='word_1_240' title='bbox 779 2193 910 2225; x_wconf 75' lang='lat' dir='ltr'>delebat</span> <span class='ocrx_word' id='word_1_241' title='bbox 926 2193 1092 2225; x_wconf 71' lang='lat' dir='ltr'>,Muretus</span> 
     </span>
    </p>
   </div>
  </div>
 </body>
</html>
