1623 2444
192 58 238 91 62
705 55 941 92 SENECA

189 165 314 216 longa
341 165 531 211 felicitas,
560 168 601 203 et
629 165 683 204 ad
710 164 1016 204 leuissimarum
1044 165 1290 204 iniuriarum
1317 169 1460 204 motus

188 232 469 271 conlabantur
489 243 496 270 :
537 236 581 270 at
604 245 785 282 quorum
808 245 953 270 omnes
976 232 1074 271 anni
1097 245 1170 284 per
1193 232 1460 271 calamitates

189 299 461 344 transierunt,
487 298 737 349 grauissima
761 311 930 349 quoque
955 299 1053 337 forti
1080 303 1121 337 et
1147 298 1336 337 inmobili
1362 311 1459 337 con-

189 366 350 405 stantia
388 365 616 417 perferant.
675 378 807 404 unum
848 365 977 404 habet
1019 366 1196 404 adsidua
1235 365 1458 421 infelicitas

188 433 361 479 bonum,
383 432 511 483 quod,
538 445 644 483 quos
670 445 833 483 semper
858 436 1000 478 uexat,
1023 432 1249 471 nouissime
1270 419 1454 471 indii'rat'.
1479 444 1496 478 5

145 511 168 544 4
189 500 347 538 nullam
378 499 455 538 tibi
482 499 672 538 Fortuna
701 499 969 538 uacationem
1000 499 1117 538 dedit
1148 513 1172 537 a
1200 498 1458 550 grauissimis

187 566 386 606 luctibus.
446 579 497 605 ne
516 566 702 605 natalem
722 566 894 617 quidem
914 570 1037 605 tuum
1057 566 1241 617 excepit:
1281 565 1457 605 amisisti

187 637 368 672 matrem
389 633 537 672 statim
558 637 673 679 nata,
696 633 825 672 immo
846 633 948 672 dum
970 633 1163 679 nasceris,
1186 637 1227 672 et
1249 633 1303 671 ad
1323 632 1458 671 uitam

187 700 504 751 quodammodo
551 699 743 751 exposita
791 713 845 738 es.
905 699 1073 738 creuisti
1121 699 1199 738 sub
1247 688 1427 738 noiierca
1447 711 1456 745 ;

187 780 317 818 quam
336 771 384 806 tu
403 767 575 818 quidem
595 767 709 805 omni
730 766 932 817 obsequio
953 771 993 805 et
1013 767 1185 818 pietate,
1207 770 1372 817 quanta
1391 766 1457 805 uel
1481 781 1519 804 10

188 834 228 873 in
260 834 346 872 filia
375 834 560 886 conspici
590 837 745 885 potest,
777 837 958 872 matrem
989 833 1075 872 fieri
1107 833 1306 884 coegisti;
1354 833 1456 872 nulli

191 905 335 940 tamen
379 914 463 940 non
499 914 653 952 magno
697 887 907 939 constitit*
934 900 1062 939 etiam
1106 900 1219 939 bona
1262 913 1454 939 nouerca.

186 968 443 1007 auunculum
491 967 915 1019 indulgentissimum,
964 967 1174 1018 optimum
1222 980 1269 1006 ac
1319 966 1456 1006 fortis-

186 1034 340 1074 simum
397 1035 548 1081 uirum,
601 1047 697 1073 cum
757 1034 990 1073 aduentum
1049 1034 1137 1072 eius
1198 1037 1454 1085 expectares,

187 1101 392 1148 amisisti;
444 1106 499 1148 et,
535 1114 586 1141 ne
620 1101 842 1140 saeuitiam
876 1114 996 1140 suam
1031 1101 1222 1139 Fortuna
1257 1100 1454 1139 leuiorem
1479 1116 1515 1150 15

187 1169 424 1208 diducendo
472 1169 641 1215 faceret,
690 1168 803 1207 intra
848 1167 1136 1206 tricensimum
1176 1167 1287 1206 diem
1330 1167 1454 1206 caris-

187 1236 341 1275 simum
375 1236 527 1282 uirum,
555 1248 606 1274 ex
639 1247 724 1286 quo
753 1238 891 1273 mater
928 1234 1055 1273 trium
1085 1234 1311 1273 liberorum
1348 1247 1452 1280 eras,

146 1317 164 1354 5
187 1303 390 1342 extulisti.
448 1302 609 1354 lugenti
636 1302 714 1341 tibi
740 1301 880 1341 luctus
906 1301 1128 1340 nuntiatus
1155 1305 1230 1347 est,
1259 1301 1455 1340 omnibus

186 1369 358 1421 quidem
392 1369 638 1408 absentibus
670 1368 822 1414 liberis,
857 1368 977 1419 quasi
1011 1369 1062 1407 de
1095 1368 1304 1407 industria
1336 1368 1378 1407 in
1411 1368 1454 1406 id

187 1440 356 1488 tempus
382 1436 582 1476 coniectis
600 1435 722 1475 malis
740 1435 837 1480 tuis,
859 1439 907 1474 ut
928 1435 1029 1474 nihil
1051 1439 1158 1474 esset
1181 1435 1253 1474 ubi
1275 1448 1317 1473 se
1336 1435 1454 1474 dolor
1473 1448 1515 1470 20

187 1508 286 1542 tuus
305 1503 537 1543 reclinaret.
597 1507 766 1541 transeo
786 1506 851 1541 tot
871 1502 1067 1554 pericula,
1090 1506 1155 1540 tot
1175 1506 1326 1548 metus,
1348 1515 1454 1553 quos

187 1570 275 1609 sine
314 1570 537 1609 interuallo
577 1570 619 1608 in
660 1574 702 1608 te
741 1566 994 1608 incursantis
1032 1568 1270 1620 pertulisti:
1326 1569 1454 1607 modo

187 1637 313 1676 modo
334 1637 375 1676 in
395 1637 576 1676 eundem
596 1636 747 1682 sinum,
770 1649 820 1674 ex
840 1649 925 1687 quo
945 1640 1029 1674 tres
1049 1639 1223 1687 nepotes
1243 1635 1451 1681 emiseras,

187 1717 281 1743 ossa
303 1704 431 1743 trium
454 1707 658 1755 nepotum
681 1702 872 1754 recepisti
893 1715 901 1748 ;
941 1702 1053 1741 intra
1073 1702 1320 1741 uicesimum
1342 1702 1452 1740 diem

186 1784 316 1822 quam
338 1771 470 1810 filium
492 1783 634 1810 meum
656 1770 698 1809 in
720 1769 917 1808 manibus
939 1773 979 1808 et
1003 1768 1044 1807 in
1067 1769 1218 1808 osculis
1239 1768 1323 1808 tuis
1344 1782 1453 1807 mor·
1473 1776 1513 1810 25

186 1842 309 1877 tuum
346 1838 628 1883 funeraueras,
667 1840 837 1888 raptum
873 1849 940 1874 me
977 1835 1145 1874 audisti.
1200 1836 1278 1875 hoc
1315 1835 1454 1875 adhuc

187 1905 379 1944 defuerat
403 1904 494 1950 tibi,
519 1904 659 1956 lugere
683 1903 814 1942 uiuos.

149 1985 161 2008 1
267 1978 313 2024 3.
372 1971 678 2010 Grauissimum
707 1973 769 2009 est
798 1982 849 2008 ex
878 1969 1086 2015 omnibus,
1116 1982 1225 2020 quae
1249 1982 1451 2020 umquam

189 2037 231 2076 in
256 2051 407 2089 corpus
433 2042 555 2077 tuum
581 2037 900 2082 descenderunt,
928 2049 1069 2074 recens
1094 2036 1260 2082 uulnus,
1288 2036 1450 2074 fateor:
1473 2044 1475 2046 “

187 2118 270 2144 non
307 2118 517 2144 summam
555 2108 696 2144 cutem
735 2103 861 2155 rupit,
901 2107 1049 2154 pectus
1086 2107 1127 2141 et
1165 2103 1325 2141 uiscera
1363 2102 1455 2153 ipsa
1473 2114 1514 2146 30

511 2186 549 2212 11
575 2180 736 2222 conspici
753 2180 798 2217 A,
818 2179 958 2221 concipi
978 2179 1124 2220 Bentley
