1623 2444
548 58 634 94 AD
673 57 799 94 HEL
813 57 970 93 VJAM
1345 54 1388 90 61

123 167 223 212 eius,
248 167 319 219 qui
343 168 585 207 consolatus
607 180 704 206 suos
726 171 847 213 esset,
872 179 969 205 cum
991 166 1079 217 ipse
1103 167 1156 204 ab
1180 165 1258 204 illis
1281 178 1393 203 com-

124 235 386 286 ploraretur:
435 235 497 273 ita
529 234 571 273 in
604 247 646 273 re
678 247 789 273 noua
821 233 1098 278 haesitabam,
1133 232 1392 282 uerebarque

126 315 177 340 ne
206 302 307 340 haec
336 314 420 340 non
449 301 681 340 consolatio
710 306 817 339 esset
847 300 920 339 sed
948 299 1215 338 exulceratio.
1276 298 1391 349 quid,
1414 306 1433 340 3

126 368 240 419 quod
262 368 382 407 nouis
403 368 541 411 uerbis
564 381 638 406 nec
660 381 710 406 ex
732 367 891 418 uolgari
914 370 954 405 et
977 366 1192 405 cotidiana
1212 365 1393 416 sumptis

89 444 106 476 5
128 435 394 474 adlocutione
415 448 521 486 opus
543 439 630 473 erat
655 434 826 479 homini,
852 434 905 472 ad
927 433 1203 472 consolandos
1224 445 1321 471 suos
1343 444 1393 470 ex

128 502 217 553 ipso
239 515 337 553 rogo
359 506 487 553 caput
510 501 725 540 adleuanti
746 501 760 539 Ρ
822 500 957 539 omnis
980 504 1122 538 autem
1143 499 1394 550 magnitudo

128 568 281 608 doloris
334 569 508 607 modum
563 568 802 607 excedentis
857 579 1022 606 necesse
1076 571 1138 605 est
1192 552 1394 605 dilectum

130 636 355 675 uerborum
390 635 552 687 eripiat,
589 648 684 674 cum
719 647 842 685 saepe
876 646 1023 673 uocem
1057 646 1225 684 quoque
1259 633 1395 684 ipsam

129 702 396 741 intercludat.
455 706 686 752 utcumque
721 701 896 746 conitar,
935 713 1019 739 non
1053 700 1208 739 fiducia
1242 699 1395 750 ingenii
1417 701 1439 734 4

74 789 111 811 10
130 769 203 808 sed
218 769 318 820 quia
334 782 505 820 possum
521 769 654 807 instar
670 768 979 807 efficacissimae
995 766 1293 806 consolationis
1309 779 1397 804 esse

130 836 218 888 ipse
240 836 489 875 consolator
549 835 614 874 cui
637 835 738 896 nihil
761 848 944 885 negares,
968 834 1064 873 huic
1086 834 1164 872 hoc
1184 833 1333 884 utique
1354 837 1397 871 te

132 915 215 942 non
235 916 322 941 esse
342 907 603 954 negaturam,
624 902 719 941 licet
740 901 876 940 omnis
894 913 1058 940 maeror
1077 889 1308 951 contumax
1328 899 1395 945 sit,

133 983 266 1021 spero,
298 974 346 1008 ut
376 969 579 1008 desiderio
609 973 683 1007 tuo
712 969 815 1007 uelis
845 982 869 1007 a
897 981 964 1006 me
992 968 1167 1006 modum
1196 967 1341 1005 statui.

215 1044 259 1077 2.
319 1036 426 1075 Vide
442 1040 652 1087 quantum
677 1036 728 1074 de
752 1035 1015 1086 indulgentia
1038 1039 1114 1073 tua
1136 1033 1398 1085 promiserim
1426 1044 1436 1066 1

77 1117 113 1149 15
134 1103 263 1142 mihi:
308 1102 589 1154 potentiorem
618 1115 684 1141 me
713 1103 905 1141 futurum
934 1105 1037 1153 aput
1066 1105 1109 1140 te
1137 1114 1220 1140 non
1248 1100 1399 1139 dubito

134 1183 263 1222 quam
304 1170 490 1208 dolorem
531 1174 666 1215 tuum,
709 1182 794 1220 quo
834 1169 936 1207 nihil
977 1172 1039 1207 est
1082 1172 1186 1219 aput
1227 1167 1400 1206 miseros

135 1237 363 1289 potentius.
423 1236 567 1287 itaque
613 1249 664 1275 ne
709 1236 856 1275 statim
902 1248 998 1275 cum
1044 1247 1092 1273 eo
1138 1246 1398 1279 concurram,

136 1304 261 1343 adero
288 1304 404 1355 prius
431 1303 488 1342 illi
517 1307 558 1342 et
586 1303 740 1353 quibus
767 1302 975 1341 excitetur
1001 1302 1216 1353 ingeram;
1260 1300 1403 1339 omnia

136 1371 346 1422 proferam
363 1374 405 1409 et
422 1370 669 1415 rescindam,
688 1383 796 1420 quae
813 1369 897 1408 iam
914 1368 1101 1407 obducta
1118 1372 1230 1407 sunt.
1290 1367 1401 1406 dicet
1427 1379 1444 1401 2

77 1453 119 1476 20
139 1438 315 1488 aliquis:
362 1437 370 1450 ‘
391 1437 505 1488 quod
534 1437 611 1475 hoc
640 1449 770 1487 genus
799 1440 860 1475 est
889 1435 1146 1481 consolandi,
1177 1434 1404 1473 obliterata

138 1505 251 1543 mala
284 1517 478 1543 reuocare
511 1508 552 1542 et
587 1503 775 1542 animum
808 1503 850 1541 in
883 1503 1072 1541 omnium
1106 1513 1403 1541 aerumnarum

140 1584 311 1610 suarum
340 1574 569 1622 conspeetu
598 1570 815 1609 conlocare
845 1569 917 1608 uix
947 1569 1071 1608 unius
1100 1568 1369 1620 patientem?
1394 1567 1402 1579 '

141 1638 214 1677 sed
246 1638 279 1676 is
309 1638 477 1689 cogitet,
504 1650 795 1688 quaecumque
820 1649 952 1687 usque
977 1649 1026 1674 eo
1050 1635 1282 1687 perniciosa
1307 1638 1406 1673 sunt

140 1708 188 1744 ut
214 1708 362 1743 contra
385 1704 616 1743 remedium
640 1703 944 1749 conualuerint,
970 1703 1217 1754 plerumque
1242 1705 1408 1741 contra-

82 1781 122 1815 25
143 1771 212 1810 riis
256 1770 403 1810 curari.
461 1771 598 1809 omnis
641 1771 786 1821 itaque
828 1770 967 1808 luctus
1011 1769 1067 1807 illi
1112 1782 1221 1814 suos,
1266 1767 1410 1807 omnia

143 1837 337 1890 lugubria
365 1837 628 1876 admonebo:
674 1838 752 1875 hoc
780 1837 871 1883 erit,
902 1849 985 1875 non
1013 1836 1127 1874 molli
1155 1835 1225 1874 uia
1253 1834 1408 1874 mederi

145 1905 217 1944 sed
254 1917 372 1943 urere
408 1917 456 1943 ac
491 1917 641 1943 secare.
701 1903 803 1954 quid
840 1903 1105 1953 consequar?
1166 1906 1214 1941 ut
1250 1902 1410 1953 pudeat

147 1971 335 2010 animum
367 1974 433 2009 tot
463 1970 725 2009 miseriarum
756 1970 960 2009 uictorem
992 1982 1112 2020 aegre
1142 1969 1248 2007 ferre
1278 1980 1411 2007 unum

147 2038 301 2077 uulnus
344 2037 386 2076 in
430 2050 602 2089 corpore
645 2041 735 2075 tam
779 2036 1034 2076 cicatricoso.
1093 2036 1223 2074 fleant
1268 2035 1412 2086 itaque
1434 2040 1454 2076 3

89 2123 129 2155 30
149 2104 308 2144 diutius
327 2108 368 2143 et
387 2108 572 2155 gemant,
593 2116 773 2154 quorum
793 2103 993 2142 delicatas
1013 2106 1175 2141 mentes
1194 2101 1411 2141 eneruauit

554 2185 571 2212 7
596 2181 775 2213 excedens
792 2180 892 2212 malit
910 2180 1007 2212 Gertz
