1623 2444
528 60 614 96 AD
655 60 781 96 HEL
796 61 950 96 VJAM
1318 62 1364 107 67
1398 78 1402 82 ·

101 170 336 209 abduxerit.
396 169 564 208 inuenio
618 169 689 220 qui
745 169 887 208 dicant
942 169 1075 208 inesse
1129 171 1367 209 naturalem
1388 174 1409 209 6

99 237 315 287 quandam
365 236 653 275 inritationem
703 236 853 274 animis
908 237 1199 275 commutandi
1249 237 1367 275 sedes

99 308 140 342 et
166 303 445 342 transferendi
479 303 691 341 domicilia
710 315 719 349 ;
773 303 940 342 mobilis
965 305 1076 342 enirn
1109 308 1150 342 et
1176 304 1368 354 inquieta

100 370 257 409 homini
288 383 406 409 mens
436 370 540 408 data
569 374 645 416 est,
678 383 888 420 nusquam
919 383 961 408 se
992 374 1123 416 tenet,
1156 371 1368 422 spargitur

61 441 140 486 5et
183 437 460 488 cogitationes
501 449 598 475 suas
640 436 681 474 in
723 436 866 475 omnia
907 441 1010 475 nota
1052 441 1181 488 atque
1222 437 1366 488 ignota

98 503 291 549 dimittit,
319 516 429 554 uaga
455 507 496 542 et
524 503 678 554 quietis
704 503 915 554 inpatiens
941 508 982 542 et
1010 504 1203 543 nouitate
1229 517 1367 543 rerum

98 570 339 609 laetissima.
398 570 513 620 quod
560 583 644 609 non
691 569 921 615 miraberis,
971 570 1004 609 si
1050 571 1233 622 primam
1280 571 1408 617 eius7

98 637 299 688 originem
324 637 547 688 aspexeris.
604 650 688 675 non
712 642 774 675 est
800 650 850 675 ex
875 642 1040 675 terreno
1064 642 1105 676 et
1129 638 1247 689 graui
1271 651 1368 677 con-

98 708 214 742 creta
260 716 444 755 corpore,
494 716 545 742 ex
591 703 660 742 illo
707 703 875 742 caelesti
922 704 1073 755 spiritu
1120 705 1366 751 descendit;

41 786 77 808 10
97 771 341 810 caelestium
373 774 516 809 autem
548 774 702 809 natura
732 783 895 822 semper
925 770 967 809 in
997 776 1119 810 motu
1150 776 1226 818 est,
1259 772 1367 823 fugit

97 842 139 876 et
186 837 448 876 uelocissimo
496 850 619 876 cursu
667 837 816 888 agitur.
878 838 1016 889 aspice
1063 838 1199 877 sidera
1246 852 1367 878 mun-

97 904 199 942 dum
219 904 492 943 inlustrantia
511 916 518 942 1
555 904 717 942 nullum
736 917 879 942 eorum
898 909 1073 955 perstat.
1134 906 1192 944 sol
1209 906 1368 945 labitur

98 971 271 1010 adsidue
305 975 345 1009 et
379 971 519 1009 locum
552 983 603 1009 ex
636 971 727 1010 loco
759 976 914 1016 mutat,
950 976 1005 1017 et,
1040 973 1237 1022 quamuis
1270 987 1366 1011 cum

96 1038 292 1076 uniuerso
329 1042 535 1083 uertatur,
573 1037 615 1076 in
652 1038 911 1076 contrarium
948 1039 1077 1077 nihilo
1113 1039 1253 1084 minus
1289 1040 1366 1091 ipsi

40 1116 75 1149 15
95 1105 254 1144 mundo
280 1105 469 1150 refertur,
499 1117 573 1156 per
591 1105 727 1143 omnis
755 1105 967 1156 signorum
987 1110 1134 1157 partes
1157 1107 1366 1153 discurrit,

97 1185 331 1222 numquam
357 1171 513 1210 resistit
534 1183 541 1210 :
584 1176 790 1223 perpetua
815 1172 903 1210 eius
929 1173 1105 1223 agitatio
1132 1179 1172 1212 et
1200 1174 1368 1213 aliunde

98 1238 179 1277 alio
199 1238 492 1290 commigratio
513 1243 588 1277 est.
666 1239 809 1278 omnia
828 1239 1061 1278 uoluuntur
1080 1253 1244 1292 semper
1264 1245 1305 1280 et
1326 1241 1368 1280 in
1389 1241 1411 1275 8

99 1305 282 1344 transitu
304 1310 403 1344 sunt
424 1317 432 1351 ;
470 1309 518 1344 ut
540 1305 607 1344 lex
628 1310 669 1344 et
693 1310 870 1344 naturae
892 1307 1117 1345 necessitas
1139 1308 1366 1354 ordinauit,

98 1372 267 1411 aliunde
307 1372 387 1411 alio
427 1372 702 1418 deferuntur;
729 1371 854 1413 s‘cum
894 1386 967 1424 per
1006 1378 1121 1413 certa
1161 1388 1367 1414 annorum

37 1456 78 1479 20
96 1439 237 1491 spatia
259 1439 380 1477 orbes
403 1452 501 1477 suos
524 1439 814 1490 explicuerint,
840 1440 993 1479 iterum
1017 1440 1139 1480 ibunt
1162 1454 1237 1493 per
1259 1455 1368 1493 quae

97 1510 327 1570 ueneran‘ffl
372 1506 384 1544 i
401 1519 512 1544 nunc
529 1510 570 1544 et
587 1507 821 1545 humanum
838 1507 1040 1554 animum,
1060 1521 1111 1546 ex
1127 1508 1259 1547 isdem
1276 1509 1367 1560 qui-

94 1572 174 1612 bus
205 1572 351 1611 diuina
380 1577 578 1611 constant
611 1573 840 1612 seminibus
867 1575 1162 1625 compositum,
1191 1576 1368 1615 moleste

94 1639 200 1678 ferre
221 1639 449 1678 transitum
472 1653 519 1678 ac
540 1640 835 1691 migrationem
864 1646 983 1692 puta,
1007 1655 1104 1680 cum
1126 1642 1191 1681 dei
1214 1647 1368 1682 natura

97 1706 274 1745 adsidua
303 1710 345 1745 et
375 1706 626 1745 citatissima
655 1708 989 1746 commutatione
1017 1709 1084 1747 uel
1113 1709 1293 1749 delectet
1323 1723 1366 1749 se

36 1786 73 1819 25
94 1773 161 1812 uel
183 1777 401 1813 conseruet
421 1773 427 1811 1

177 1845 223 1893 7.
281 1840 318 1878 Α
337 1840 589 1879 caelestibus
608 1841 787 1891 agedum
806 1845 849 1880 te
868 1841 922 1879 ad
940 1841 1127 1880 humana
1145 1848 1363 1882 conuerte:
1392 1860 1404 1883 1

95 1906 258 1945 uidebis
284 1910 431 1957 gentes
458 1907 721 1958 populosque
749 1907 967 1947 uniuersos
993 1913 1181 1948 mutasse
1208 1910 1364 1950 sedem.

94 1973 197 2024 quid
235 1973 313 2011 sibi
352 1973 503 2012 uolunt
541 1973 585 2012 in
622 1974 771 2013 mediis
809 1975 1087 2014 barbarorum
1126 1977 1366 2028 regionibus

95 2039 279 2079 Graecae
313 2040 472 2079 urbes?
513 2040 617 2090 quid
652 2041 762 2079 inter
799 2041 927 2080 Indos
964 2042 1196 2094 Persasque
1230 2045 1366 2083 Mace—

36 2124 77 2155 30
95 2106 269 2145 donicus
305 2107 476 2145 sermo?
538 2107 714 2158 Scythia
749 2112 791 2146 et
827 2112 945 2147 totus
981 2109 1049 2148 ille
1085 2110 1269 2149 ferarum
1305 2111 1367 2150 in-

125 2198 146 2224 4
170 2204 353 2237 nusquam
377 2194 590 2235 Heusinger,
617 2198 735 2237 nuqua
761 2195 790 2225 A
887 2200 925 2227 12
950 2197 1004 2228 sol
1031 2198 1111 2229 add.
1140 2198 1332 2231 Michaelis

1166 2276 1263 2310 5—2
