1623 2444
173 1743 193 1778 Q.)

211 89 234 123 4
724 76 963 114 SENECA

208 186 407 237 cuiquam
432 186 628 237 imputes,
655 186 857 236 quoniam
882 185 1066 236 quidem,
1093 199 1190 225 cum
1216 187 1288 226 illa
1308 187 1477 234 faceres,

210 266 294 292 non
313 266 401 292 esse
416 266 513 292 cum
538 253 619 291 alio
644 253 816 291 uolebas
836 253 909 291 sed
926 257 1067 292 tecum
1087 266 1175 292 esse
1194 267 1278 292 non
1294 258 1476 306 poteras.

292 328 337 373 3.
396 319 550 359 Omnia
576 319 688 366 licet,
716 333 825 371 quae
846 333 1037 370 unquam
1058 320 1226 371 ingenia
1253 320 1476 367 fulserunt,

210 387 252 426 in
274 387 353 426 hoc
374 400 507 426 unum
528 386 809 433 consentiant,
833 400 1054 438 nunquam
1075 387 1178 426 satis
1199 388 1308 427 hanc
1330 388 1478 427 huma-

210 467 360 493 narum
386 453 594 493 mentium
619 453 840 505 caliginem
865 453 1146 493 mirabuntur.
1205 454 1379 506 praedia
1403 468 1480 494 sua

209 521 405 572 occupari
426 534 450 559 a
470 521 584 560 nullo
605 520 842 572 patiuntur,
868 525 923 567 et,
945 520 978 559 si
1002 521 1153 572 exigua
1176 521 1392 560 contentio
1417 525 1479 561 est

209 588 261 626 de
303 588 429 626 modo
470 587 631 634 finium,
670 588 724 626 ad
760 588 922 639 lapides
959 591 1000 626 et
1044 601 1162 627 arma
1203 588 1445 628 discurrunt
1468 600 1475 627 :

210 654 253 694 in
293 655 431 694 uitam
472 667 593 693 suam
631 655 823 694 incedere
865 654 967 694 alios
1005 654 1165 700 sinunt,
1209 654 1339 694 immo
1380 667 1480 694 uero

210 722 288 773 ipsi
318 722 448 760 etiam
476 734 733 773 possessores
763 722 850 761 eius
880 722 1046 761 futuros
1075 721 1295 761 inducunt.
1354 734 1479 761 nemo

209 789 436 836 inuenitur,
463 788 536 840 qui
561 788 785 840 pecuniam
810 801 931 828 suam
956 788 1144 827 diuidere
1169 788 1273 828 uelit
1294 800 1301 827 :
1344 788 1481 828 uitam

209 855 499 907 unusquisque
526 868 656 906 quam
683 855 829 894 multis
855 855 1100 895 distribuit!
1162 855 1354 894 adstricti
1381 859 1481 895 sunt

210 923 252 962 in
284 922 540 962 continendo
578 922 848 974 patrimonio,
882 922 1006 961 simu]
1048 922 1103 961 ad
1134 922 1343 962 iacturam
1374 926 1481 962 tem-

211 990 323 1042 poris
362 994 541 1029 uentum
580 993 656 1036 est,
696 989 975 1041 profusissimi
1017 989 1059 1028 in
1103 1002 1151 1028 eo
1193 989 1311 1028 cuius
1356 989 1481 1029 unius

210 1057 389 1096 honesta
412 1056 594 1095 auaritia
616 1059 691 1095 est.
750 1056 853 1095 libet
877 1056 1022 1107 itaque
1045 1069 1097 1095 ex
1120 1056 1331 1095 seniorum
1354 1055 1482 1095 turba

210 1124 509 1176 comprendere
545 1123 756 1174 aliquem:
810 1123 819 1137 ‘
839 1123 1078 1175 peruenisse
1113 1126 1157 1162 te
1192 1123 1247 1162 ad
1281 1123 1481 1162 ultimum

212 1191 365 1230 aetatis
393 1191 605 1230 humanae
632 1190 839 1236 uidemus,
870 1190 1124 1229 centesimus
1152 1190 1230 1229 tibi
1258 1190 1326 1229 uel
1354 1203 1482 1242 supra

211 1258 418 1310 premitur
434 1271 569 1297 annus
589 1269 596 1296 :
631 1257 824 1308 agedum,
844 1257 898 1296 ad
914 1257 1278 1309 computationem
1295 1260 1482 1296 aetatem

213 1329 333 1364 tuam
348 1337 512 1364 reuoca.
571 1324 665 1370 duc,
684 1328 897 1375 quantum
913 1337 964 1363 ex
980 1324 1062 1363 isto
1079 1327 1270 1376 tempore
1286 1324 1480 1370 creditor,

211 1396 423 1444 quantum
445 1391 592 1437 amica,
616 1395 828 1443 quantum
849 1394 1168 1442 rein-quantum
1189 1390 1316 1430 cliens
1338 1390 1483 1445 abstu—

211 1460 319 1506 lerit,
337 1463 549 1511 quantum
564 1458 614 1497 lis
629 1458 790 1504 uxoria,
809 1462 1020 1509 quantum
1037 1471 1254 1497 seruorum
1270 1457 1481 1504 coercitio,

212 1531 424 1578 quantum
446 1526 631 1564 officiosa
652 1538 726 1577 per
747 1525 895 1564 urbem
917 1524 1167 1564 discursatio
1186 1537 1195 1571 ;
1235 1524 1353 1563 adice
1374 1537 1484 1563 mor-

212 1594 302 1640 bos,
321 1606 427 1645 quos
444 1606 574 1632 manu
591 1592 778 1638 fecimus,
799 1592 915 1631 adice
933 1596 974 1630 et
992 1592 1107 1643 quod
1123 1591 1211 1630 sine
1227 1604 1307 1630 usu
1323 1591 1453 1630 iacuit
1474 1603 1481 1630 z

213 1661 377 1700 uidebis
413 1664 455 1699 te
491 1659 709 1711 pauciores
746 1672 878 1697 annos
914 1659 1068 1697 habere
1104 1671 1234 1709 quam
1271 1671 1481 1697 numeras.

214 1732 355 1779 repete
381 1727 583 1766 memoria
609 1730 763 1772 tecum,
792 1725 963 1776 quando
989 1729 1128 1764 certus
1154 1725 1314 1764 consilii
1340 1725 1481 1771 fueris,

213 1798 371 1846 quotus
388 1794 567 1845 quisque
585 1793 673 1831 dies
690 1796 738 1832 ut
757 1792 1046 1831 destinaueras
1064 1792 1291 1838 recesserit,
1312 1792 1484 1842 quando

214 1861 292 1901 tibi
309 1874 409 1900 usus
425 1861 488 1900 tui
505 1860 644 1906 fuerit,
663 1859 834 1911 quando
851 1859 893 1898 in
910 1863 1028 1898 statu
1045 1872 1123 1898 suo
1139 1859 1294 1905 uoltus,
1312 1858 1485 1910 quando

215 1929 380 1968 animus
405 1927 653 1979 intrepidus,
681 1926 784 1977 quid
810 1926 888 1964 tibi
914 1926 957 1964 in
982 1930 1073 1964 tam
1098 1926 1223 1977 longo
1250 1938 1355 1964 aeuo
1380 1925 1483 1964 facti

213 1995 350 2048 operis
373 1995 439 2041 sit,
464 2007 594 2046 quam
617 1993 740 2033 multi
762 1993 899 2032 uitam
922 1997 1042 2032 tuam
1065 1992 1313 2044 diripuerint
1336 1996 1380 2031 te
1402 2004 1487 2031 non

281 2117 299 2143 5
327 2112 563 2144 mirabuntur
599 2111 644 2148 A,
681 2109 957 2142 miserabuntur
990 2110 1150 2151 M'advig,
1187 2109 1489 2141 criminabuntur

216 2165 318 2198 malit
336 2165 434 2196 Gertz
496 2168 535 2195 18
554 2164 624 2195 duc
640 2163 685 2200 A,
707 2161 765 2194 dic
782 2162 871 2202 uolg.
938 2166 977 2193 19
996 2172 1059 2193 rex
1075 2161 1121 2198 A,
1138 2171 1220 2192 reus
1237 2166 1265 2193 5*
1327 2164 1365 2191 22
1383 2159 1487 2191 adice

218 2220 255 2250 et
273 2217 373 2259 quod
392 2217 524 2253 Haase,
545 2216 648 2247 adice
666 2214 766 2256 quod
783 2216 822 2244 et
840 2214 884 2251 Α,
906 2214 1008 2245 adice
1027 2214 1126 2255 quod
1146 2213 1223 2244 eius
1242 2212 1340 2243 Gertz

1500 466 1517 500 5

1504 807 1543 829 10

1506 1135 1541 1170 Ῑ5

1504 1468 1546 1491 20

1505 1804 1545 1836 25
