1623 2444
560 32 644 67 AD
676 31 748 67 ΡΑ
765 31 1003 67 VLINVM
1362 41 1405 77 27

144 142 441 192 suffragatores
474 140 707 191 incipimus.
766 139 989 178 accusandi
1022 139 1292 190 deposuimus
1322 151 1410 177 mo-

143 196 320 253 lestiam,
364 207 575 246 iudicandi
624 206 915 245 nanciscimur.
974 206 1100 244 iudex
1142 205 1265 244 desiit
1307 218 1407 251 esse,

143 275 357 325 quaesitor
382 278 456 313 est.
518 274 747 312 alienorum
772 273 979 311 bonorum
1004 272 1291 324 mercennaria
1315 285 1410 323 pro-

143 341 359 380 curatione
388 341 619 386 consenuit,
643 340 728 379 suis
752 340 903 391 opibus
931 339 1168 378 distinetur.
1230 332 1408 377 Mariu'm
1431 344 1451 377 6

106 427 123 459 5
143 408 276 459 caliga
305 407 475 453 dimisit,
508 407 751 446 consulatus
780 410 988 445 exercent.
1048 405 1247 456 Quintius
1276 406 1409 444 dicta-

143 478 283 513 turam
322 478 520 525 properat
559 473 799 524 peruadere,
846 473 899 511 ab
940 476 1080 511 aratro
1126 472 1407 512 reuocabitur.

143 541 232 579 ibat
264 541 306 580 in
338 542 499 579 Poenos
530 541 718 579 nondum
749 544 896 578 tantae
926 544 1120 578 maturus
1151 539 1208 577 rei
1240 539 1407 591 Scipio;

142 608 279 646 uictor
321 607 584 653 Hannibalis,
628 607 764 646 uictor
804 606 1016 651 Antiochi,
1060 606 1123 644 sui
1165 606 1410 645 consulatus

143 674 281 720 decus,
309 674 482 712 fraterni
513 686 699 725 sponsor,
729 673 771 712 ni
800 686 873 724 per
903 673 1040 724 ipsum
1072 685 1191 711 mora
1219 672 1287 719 sit,
1313 685 1409 712 cum

88 758 125 779 10
144 741 245 780 Ioue
270 746 541 792 reponeretur
561 753 567 778 :
610 740 752 779 ciuiles
771 744 1028 778 seruatorem
1055 739 1278 790 agitabunt
1304 739 1410 778 sedi-

145 808 290 854 tiones,
315 812 356 846 et
379 812 475 858 post
497 807 712 845 fastiditos
735 820 759 845 a
780 807 931 845 iuuene
953 806 1032 845 diis
1055 819 1210 857 aequos
1232 807 1410 845 honores

143 874 226 913 iam
277 887 417 913 senem
467 874 729 913 contumacis
779 873 889 912 exilii
940 873 1167 912 delectabit
1218 873 1410 913 ambitio.

142 954 375 992 numquam
399 941 551 979 derunt
576 941 642 979 uel
667 940 805 978 felices
828 940 894 978 uel
918 939 1094 978 miserae
1117 940 1411 979 sollicitudinis

140 1021 292 1047 causae
311 1021 319 1054 ;
355 1020 429 1059 per
447 1007 745 1058 occupationes
764 1007 856 1046 uita
874 1007 1072 1058 trudetur
1091 1019 1099 1052 ;
1135 1006 1270 1045 otium
1291 1019 1412 1045 num-

85 1096 120 1129 15
140 1088 269 1126 quam
308 1079 467 1126 agetur,
508 1087 670 1125 semper
707 1073 939 1125 optabitur.

227 1136 300 1182 18.
360 1142 549 1192 Excerpe
579 1141 723 1191 itaque
753 1145 795 1179 te
824 1140 961 1191 uolgo,
986 1140 1160 1179 Pauline
1184 1140 1408 1184 carissime,
1436 1157 1449 1179 1

143 1212 183 1247 et
219 1208 261 1247 in
296 1208 631 1258 tranquilliorem
661 1212 832 1259 portum
867 1220 951 1246 non
981 1220 1057 1260 pro
1089 1208 1242 1248 aetatis
1272 1207 1411 1258 spatio

141 1275 325 1314 iactatus
343 1275 517 1314 tandem
536 1274 692 1313 recede.
752 1274 903 1325 cogita,
924 1279 1029 1325 quot
1047 1274 1203 1314 fluctus
1220 1274 1408 1320 subieris,

142 1346 247 1393 quot
272 1346 548 1393 tempestates
572 1341 728 1392 partim
752 1341 942 1392 priuatas
967 1341 1226 1388 sustinueris,
1253 1341 1409 1392 partim

85 1423 124 1444 20
141 1408 332 1460 publicas
364 1409 406 1447 in
439 1412 481 1446 te
513 1408 797 1454 conuerteris;
847 1408 950 1447 satis
982 1409 1065 1447 iam
1098 1421 1172 1459 per
1203 1408 1412 1447 laboriosa

142 1479 183 1514 et
209 1475 400 1526 inquieta
424 1475 680 1514 documenta
705 1474 896 1513 exhibita
919 1475 1056 1514 uirtus
1076 1480 1138 1514 est
1159 1488 1166 1515 :
1209 1475 1409 1526 experire,

142 1542 244 1593 quid
270 1542 313 1580 in
338 1542 425 1580 otio
451 1542 592 1580 faciat.
651 1541 786 1580 maior
810 1554 907 1592 pars
934 1542 1098 1588 aetatis,
1120 1546 1232 1581 certe
1251 1542 1410 1588 melior,

143 1609 200 1648 rei
216 1609 411 1660 publicae
427 1609 531 1647 data
547 1612 609 1647 est
631 1620 637 1646 :
673 1608 833 1659 aliquid
849 1609 1051 1660 temporis
1067 1609 1130 1648 tui
1147 1622 1266 1648 sume
1282 1609 1412 1648 etiarn

143 1675 234 1714 tibi.
294 1688 369 1714 nec
400 1679 442 1714 te
474 1675 528 1714 ad
558 1688 726 1726 segnem
759 1679 832 1713 aut
864 1675 1042 1714 inertem
1073 1676 1260 1726 quietem
1290 1688 1409 1722 uOCO,
1435 1694 1452 1716 2

85 1760 123 1793 25
144 1755 228 1781 non
254 1746 302 1781 ut
329 1755 476 1781 somno
504 1746 545 1780 et
572 1742 683 1796 carisv
699 1742 856 1793 ¹turbae
881 1742 1177 1794 uoluptatibus
1204 1743 1413 1794 quidquid

144 1813 206 1848 est
249 1809 291 1847 in
333 1813 375 1847 te
400 1798 567 1847 (indolis
608 1795 777 1847 uiuida‘e
817 1821 1007 1859 mergas:
1066 1822 1150 1848 non
1193 1813 1255 1848 est
1297 1809 1412 1848 istud

146 1876 413 1926 adquiescere
432 1887 441 1921 ;
479 1875 666 1914 inuenies
686 1875 846 1914 maiora
867 1875 1063 1914 omnibus
1084 1876 1222 1915 adhuc
1243 1882 1412 1915 strenue

146 1942 341 1981 tractatis
372 1942 580 1993 operibus,
613 1954 722 1992 quae
752 1942 960 1993 repositus
991 1947 1033 1981 et
1064 1956 1233 1982 securus
1265 1942 1409 1994 agites.

212 2015 232 2042 4
256 2010 454 2042 distinetur
480 2010 614 2047 Gruter,
644 2009 850 2041 destinetur
875 2010 903 2040 A
1005 2016 1023 2041 5
1056 2015 1228 2043 exercent
1262 2012 1410 2052 scripsi:

145 2066 291 2095 exercet
309 2062 336 2092 A
425 2067 442 2093 7
459 2061 540 2093 ibat
555 2061 684 2103 scripsi
699 2071 704 2092 :
734 2061 803 2092 ibit
818 2062 865 2098 A,
886 2062 955 2093 iuit
971 2063 1091 2095 Haase
1212 2068 1249 2094 10
1276 2063 1412 2095 ciuium

146 2116 269 2147 ciuiles
295 2116 395 2148 Gertz
531 2120 569 2147 23
595 2118 651 2147 est
676 2116 838 2155 Madvig,
868 2116 915 2147 sit
940 2116 969 2146 A
1105 2121 1142 2148 26
1170 2117 1246 2148 uiui
1273 2117 1412 2148 demer-

148 2176 210 2208 gas
235 2166 287 2197 A:
323 2178 408 2199 corr.
436 2167 558 2198 Haase
