1623 2444
562 67 649 104 AD
688 67 813 103 HEL
828 66 977 103 J'JAM
1352 75 1396 112 75

132 178 202 216 illa
222 177 380 216 nolenti
404 177 549 216 similis
570 181 645 215 est.
705 177 748 216 C.
771 177 934 222 Caesar,
956 188 1083 226 quem
1102 174 1205 213 mihi
1228 174 1398 213 uidetur
1424 184 1444 216 4

132 258 269 283 rerum
286 248 441 283 natura
457 244 647 290 edidisse,
666 248 713 282 ut
731 243 971 283 ostenderet
992 242 1096 293 quid
1112 254 1279 281 summa
1293 240 1401 280 uitia

133 312 175 350 in
195 324 362 350 summa
386 311 557 349 fortuna
582 315 766 362 possent,
794 310 981 349 centiens
1006 308 1202 347 sestertio
1228 307 1398 346 cenauit

132 391 216 417 uno
235 378 301 417 die
321 391 329 423 ;
365 382 406 416 et
425 378 467 416 in
485 378 564 416 hoc
583 377 771 416 omnium
792 377 962 415 adiutus
980 375 1146 427 ingenio
1164 375 1238 414 uix
1255 379 1401 413 tamen

95 460 112 494 5
132 445 307 491 inuenit,
337 445 550 495 quomodo
579 444 707 483 trium
735 443 1048 495 prouinciarum
1076 442 1289 481 tributum
1316 454 1403 480 una

133 525 237 551 cena
265 512 394 550 fieret.
454 524 477 549 o
506 511 775 557 miserabiles,
806 523 987 561 quorum
1016 509 1209 560 palatum
1240 508 1318 547 nisi
1349 507 1403 546 ad
1429 519 1445 556 5

133 579 338 631 pretiosos
365 578 479 617 cibos
506 591 589 617 non
617 577 854 616 excitatur!
914 577 1120 628 pretiosos
1147 579 1291 614 autem
1318 587 1403 613 non

135 645 313 684 eximius
338 658 462 696 sapor
488 649 562 684 aut
583 645 724 695 aliqua
743 644 930 683 faucium
956 643 1133 682 dulcedo
1153 642 1227 681 sed
1252 641 1404 681 raritas

135 717 176 752 et
200 712 426 751 difficultas
448 712 625 764 parandi
650 711 764 750 iacit.
824 709 993 761 alioqui,
1019 710 1052 748 si
1077 710 1131 748 ad
1154 722 1301 748 sanam
1325 708 1405 747 illis

79 800 116 822 10
134 784 321 818 mentem
356 779 521 830 placeat
558 778 723 824 reuerti,
761 777 864 828 quid
899 790 1005 828 opus
1040 780 1102 815 est
1138 780 1204 814 tot
1241 775 1404 814 artibus

134 846 274 886 uentri
311 845 625 885 seruientibus?
663 845 766 896 quid
803 843 1086 883 mercaturis?
1125 843 1228 894 quid
1266 846 1409 881 uasta-

136 913 251 952 tione
279 913 514 952 siluarum?
549 912 651 963 quid
679 911 879 963 profundi
908 909 1278 962 perscrutatione?
1315 921 1409 960 pas-

137 981 215 1019 sim
234 980 372 1018 iacent
394 979 608 1025 alimenta,
630 991 739 1030 quae
758 991 898 1017 rerum
918 981 1073 1017 natura
1092 976 1289 1015 omnibus
1308 975 1410 1014 locis

137 1047 343 1099 disposuit
366 1059 374 1092 ;
419 1046 492 1085 sed
519 1046 621 1084 haec
648 1046 764 1084 uelut
793 1045 903 1084 caeci
935 1048 1157 1083 transeunt
1191 1047 1232 1082 et
1266 1055 1412 1081 omnes

82 1132 118 1165 15
139 1115 325 1165 regiones
350 1117 648 1164 peruagantur,
669 1112 803 1151 maria
828 1112 1030 1150 traiciunt
1056 1115 1111 1156 et,
1136 1123 1232 1149 cum
1254 1110 1411 1149 famem

140 1181 290 1232 exiguo
314 1180 476 1232 possint
502 1180 659 1226 sedare,
685 1192 840 1230 magno
865 1178 1056 1217 inritant.
1116 1178 1219 1216 libet
1244 1177 1381 1215 dicere
1402 1188 1409 1214 :
1435 1182 1456 1217 6

142 1249 150 1262 ‘
169 1248 272 1299 quid
297 1247 505 1286 deducitis
530 1259 660 1285 naues
678 1247 692 1285 ?
730 1246 833 1297 quid
852 1258 1003 1284 manus
1022 1248 1063 1283 et
1082 1244 1284 1283 aduersus
1305 1244 1414 1282 feras

142 1319 183 1354 et
220 1315 420 1353 aduersus
455 1314 645 1352 homines
683 1312 891 1352 armatis?
930 1312 1033 1363 quid
1072 1315 1195 1350 tanto
1224 1310 1415 1349 tumultu

142 1381 408 1421 discurritis?
448 1381 550 1431 quid
576 1393 676 1431 opes
701 1379 852 1431 opibus
884 1378 1116 1429 adgeritis?
1178 1390 1263 1416 non
1288 1377 1416 1416 uoltis

82 1472 125 1495 20
142 1449 338 1500 cogitare,
356 1460 485 1498 quam
502 1460 635 1499 parua
650 1447 772 1485 uobis
789 1459 964 1497 corpora
980 1445 1090 1484 sint?
1142 1457 1281 1483 nonne
1299 1444 1414 1482 furor

143 1520 185 1555 et
228 1515 402 1554 ultimus
440 1514 649 1553 mentium
689 1526 801 1552 error
839 1516 915 1559 est,
951 1525 1047 1551 cum
1087 1516 1177 1550 tam
1217 1511 1415 1562 exiguum

144 1582 300 1634 capias,
319 1594 469 1633 cupere
488 1581 672 1619 multum
691 1580 705 1619 Ρ
766 1580 863 1618 licet
882 1579 1027 1630 itaque
1045 1578 1234 1630 augeatis
1254 1590 1415 1624 census,

145 1648 432 1701 promoueatis
468 1648 583 1693 fines,
622 1659 856 1698 numquam
886 1650 1031 1685 tamen
1067 1658 1243 1697 corpora
1275 1648 1418 1684 uestra

145 1715 357 1755 laxabitis.
416 1728 512 1753 cum
562 1714 668 1753 bene
718 1713 885 1752 cesserit
937 1712 1182 1763 negotiatio,
1233 1712 1418 1751 multum

86 1800 127 1834 25
146 1782 299 1822 militia
319 1781 543 1827 rettulerit,
571 1794 667 1820 cum
692 1780 882 1831 indagati
907 1780 1094 1830 undique
1120 1779 1201 1818 cibi
1228 1778 1416 1824 coierint,

146 1863 230 1889 non
260 1848 472 1887 habebitis
498 1847 571 1887 ubi
598 1848 701 1886 istos
729 1851 960 1898 apparatus
984 1850 1148 1885 uestros
1172 1845 1414 1884 conlocetis.

146 1916 250 1968 quid
265 1920 355 1954 tam
375 1915 512 1954 multa
532 1914 809 1965 conquiritis?
830 1915 837 1928 ’
890 1913 1046 1952 scilicet
1068 1913 1247 1952 maiores
1268 1912 1415 1958 nostri,
1444 1916 1461 1952 7

147 1995 327 2034 quorum
373 1982 509 2020 uirtus
554 1981 798 2020 etiamnunc
843 1980 950 2019 uitia
996 1984 1142 2019 nostra
1186 1982 1417 2025 sustentat,

147 2050 331 2089 infelices
363 2052 496 2094 erant,
530 2048 603 2099 qui
634 2047 712 2086 sibi
744 2060 875 2086 manu
906 2060 983 2085 sua
1014 2046 1226 2098 parabant
1259 2046 1417 2091 cibum,

89 2137 131 2169 30
148 2117 302 2168 quibus
326 2119 438 2154 terra
462 2115 598 2154 cubile
623 2118 726 2160 erat,
753 2127 934 2165 quorum
959 2117 1075 2152 tecta
1099 2113 1289 2152 nondum
1316 2125 1420 2151 auro

217 2251 234 2277 1
260 2247 321 2277 illa
338 2244 384 2283 A,
403 2245 495 2277 uelle
512 2244 674 2284 Madvig,
693 2244 756 2274 illa
774 2244 868 2275 nolle
885 2243 985 2275 Gertz
1077 2242 1218 2274 uolenti
1236 2242 1335 2273 Gertz
