1623 2444
212 85 256 118 14
710 76 948 113 SENECA

202 184 440 233 peruenisse
464 197 506 223 se
531 188 629 223 ante
654 185 842 224 sentiunt
867 198 995 236 quam
1017 186 1389 237 adpropinquasse,
1415 187 1473 225 sic

205 250 282 288 hoc
311 250 390 288 iter
418 251 532 289 uitae
562 252 786 290 adsiduum
815 257 855 290 et
886 252 1196 298 citatissimum,
1227 253 1341 303 quod
1368 253 1472 305 uigi-

204 316 340 355 lantes
361 318 700 369 dormientesque
722 319 868 357 eodem
889 319 1022 370 gradu
1043 319 1232 365 facimus,
1255 321 1472 372 occupatis

204 396 288 421 non
316 388 491 436 apparet
518 384 596 423 nisi
622 386 665 424 in
690 386 784 425 fine.

166 465 180 488 1
290 458 364 491 10.
423 451 546 502 Quod
566 452 764 504 proposui
798 452 831 491 si
865 452 907 491 in
940 456 1083 504 partes
1114 452 1242 491 uelim
1275 457 1317 492 et
1351 466 1471 505 argu-
1493 469 1509 502 5

176 552 180 557 .
204 521 349 555 menta
391 518 599 565 diducere,
644 519 780 558 multa
822 519 924 557 mihi
968 523 1200 565 occurrent,
1245 533 1319 571 per
1361 533 1470 571 quae

202 583 377 634 probem
401 584 693 625 breuissimam
719 599 806 624 esse
831 590 1135 637 occupatorum
1159 586 1307 625 uitam.
1367 587 1470 626 sole-

202 649 277 688 bat
310 651 446 690 dicere
477 652 702 698 Fabianus,
737 665 821 692 non
853 666 904 691 ex
936 652 999 691 his
1031 653 1305 692 cathedrariis
1335 654 1469 705 philo-

202 717 343 768 sophis
383 718 455 757 sed
495 731 546 758 ex
585 719 695 758 ueris
725 723 766 758 et
798 719 1011 770 antiquis:
1074 723 1247 758 ‘contra
1276 720 1469 760 adfectus

200 782 376 835 impetu,
420 798 504 824 non
552 786 801 837 suptilitate,
844 787 1133 837 pugnandum,
1178 799 1253 825 nec
1294 786 1470 827 minutis
1494 801 1531 823 10

200 850 441 890 uolneribus
488 853 562 891 sed
608 853 777 892 incursu
833 853 1108 892 auertendam
1158 853 1290 892 aciem
1308 865 1318 900 ;
1367 867 1468 893 non

199 917 378 968 probam
419 919 731 958 cauillationem
772 932 872 966 esse,
915 933 1015 959 nam
1055 920 1260 959 contundi
1301 920 1466 968 debere,

201 997 285 1023 non
310 985 522 1024 uellicari)
577 990 721 1025 tamen
746 990 794 1025 ut
816 986 895 1025 illis
916 999 1029 1026 error
1051 987 1329 1038 exprobretur
1352 1001 1464 1035 suus,

200 1051 389 1098 docendi,
412 1066 496 1091 non
517 1057 689 1092 tantum
710 1053 955 1104 deplorandi
976 1057 1087 1092 sunt.

128 1115 129 1118 '
160 1127 177 1150 2
282 1118 331 1157 In
361 1119 443 1158 tria
473 1124 666 1171 tempora
694 1120 786 1159 uita
815 1120 1038 1159 diuiditur:
1078 1121 1193 1171 quod
1226 1120 1320 1166 fuit,
1352 1121 1466 1172 quod
1491 1136 1526 1170 15

199 1188 275 1231 est,
293 1186 408 1236 quod
429 1186 621 1225 futurum
642 1190 717 1226 est.
776 1199 827 1225 ex
848 1187 909 1231 iis,
927 1187 1042 1238 quod
1058 1187 1220 1238 agimus
1239 1187 1367 1227 breue
1387 1193 1464 1235 est,

198 1252 313 1302 quod
334 1253 468 1291 acturi
488 1266 633 1292 sumus
649 1253 838 1299 dubium,
857 1254 971 1304 quod
988 1254 1147 1305 egimus
1166 1258 1329 1293 certum
1347 1267 1356 1301 ;
1387 1256 1466 1295 hoc

198 1322 260 1357 est
281 1319 404 1365 enim,
426 1320 468 1359 in
488 1321 603 1371 quod
622 1321 795 1359 fortuna
813 1320 877 1359 ius
895 1320 1092 1372 perdidit,
1114 1321 1229 1372 quod
1248 1321 1291 1360 in
1311 1322 1465 1362 nullius

198 1385 419 1436 arbitrium
464 1387 604 1426 reduci
649 1391 803 1439 potest.
863 1387 941 1426 hoc
987 1387 1193 1426 amittunt
1238 1389 1434 1440 occupati
1453 1401 1462 1436 ;

197 1465 272 1491 nec
297 1453 408 1492 enirn
433 1453 512 1492 illis
537 1458 663 1492 uacat
689 1454 919 1505 praeterita
943 1454 1156 1505 respicere,
1184 1459 1239 1501 et,
1266 1455 1299 1494 si
1324 1459 1461 1503 uacet,
1485 1474 1526 1497 20

154 1531 174 1565 3
196 1518 425 1558 iniucunda
477 1524 538 1559 est
591 1520 871 1572 paenitendae
924 1521 980 1559 rei
1033 1521 1279 1560 recordatio.
1339 1522 1462 1561 inuiti

195 1585 340 1637 itaque
378 1587 431 1625 ad
470 1591 662 1638 tempora
698 1587 807 1626 male
846 1577 997 1627 eiacta
1034 1587 1223 1627 animum
1260 1593 1462 1629 reuocant

196 1666 271 1691 nec
297 1653 457 1692 audent
483 1667 532 1692 ea
556 1658 827 1706 retemptare,
849 1667 1031 1705 quorum
1054 1654 1174 1700 uitia,
1197 1655 1327 1694 etiam
1352 1669 1462 1707 quae

195 1719 336 1771 aliquo
362 1720 594 1771 praesentis
620 1721 854 1772 uoluptatis
880 1721 1086 1760 lenocinio
1112 1721 1459 1773 surripiebantur,

194 1787 463 1826 retractando
494 1791 732 1839 patescunt.
801 1800 938 1833 nemo,
965 1787 1043 1826 nisi
1068 1788 1167 1839 quoi
1191 1788 1334 1828 omnia
1366 1794 1463 1829 acta
1483 1805 1522 1838 25

193 1857 292 1892 sunt
313 1853 391 1892 sub
412 1867 588 1893 censura
607 1846 812 1905 suaquae
835 1867 1069 1906 numquam
1091 1854 1263 1901 fallitur,
1282 1856 1462 1896 libenter

149 1937 172 1969 4
191 1933 235 1958 se
255 1920 297 1959 in
318 1920 595 1972 praeteritum
616 1926 832 1972 retorquet
852 1933 861 1967 ς
900 1921 966 1960 ille
987 1921 1058 1972 qui
1080 1922 1218 1961 multa
1238 1923 1461 1962 ambitiose

263 2047 280 2074 1
299 2042 465 2074 sentiunt
482 2044 593 2080 Koch,
609 2043 770 2075 sciuntA
863 2048 900 2074 11
919 2054 992 2075 non
1011 2044 1167 2085 probam
1185 2044 1460 2077 cauillationem

191 2103 283 2130 esse;
328 2103 415 2125 nam
448 2094 629 2125 contundi
661 2095 752 2134 (scil.
787 2095 972 2134 adfectus)
1005 2095 1138 2127 debere
1165 2095 1264 2128 Gertz
1290 2095 1459 2137 Lipsium

190 2149 348 2177 secutus:
378 2155 451 2176 non
482 2146 627 2186 probat.
677 2146 932 2179 cauillationes
958 2149 1017 2179 eni
1049 2147 1230 2180 contundi
1262 2148 1393 2180 debere
1424 2148 1453 2179 A

190 2201 228 2228 25
246 2196 334 2238 quoi
350 2197 484 2235 Gruter,
504 2207 578 2239 quo
595 2198 623 2228 A
