1623 2444
549 67 636 103 AD
667 67 745 105 ΡΑ
763 68 1003 104 VLlNVM
1360 82 1373 104 1
1386 80 1403 115 7

137 179 275 218 furore
290 177 487 229 pretiosa,
506 177 633 216 anxia
648 177 887 229 suptilitate
902 177 1128 217 concinnat
1144 182 1186 216 et
1203 178 1404 217 maiorem

137 245 299 284 dierum
319 248 486 296 partem
506 244 549 283 in
572 244 827 295 aeruginosis
847 244 1023 283 lamellis
1044 244 1254 283 consumit
1275 245 1290 283 ?
1332 245 1403 295 qui

137 312 180 351 in
204 314 414 351 ceromate
441 312 568 362 (nam,
595 324 671 362 pro
695 311 859 350 facinus
879 312 885 349 !
928 323 980 350 ne
1004 311 1208 350 Romanis
1232 311 1404 362 quidem

137 378 253 418 uitiis
270 378 525 427 laboramus)
549 381 733 416 sectator
750 390 977 429 puerorum
996 377 1227 417 rixantium
1246 378 1363 417 sedet
1385 378 1400 417 ?

101 459 117 493 5
138 445 210 496 qui
226 445 513 484 iumentorum
529 457 700 483 suorum
716 457 859 496 greges
875 444 918 483 in
935 444 1142 484 aetatium
1159 449 1200 484 et
1218 445 1404 484 colorum

137 511 256 564 paria
275 511 461 550 diducit?
492 511 564 561 qui
585 511 768 550 athletas
788 511 909 550 nouis
928 511 1031 550 cibis
1049 511 1185 563 pascit
1206 512 1220 550 ?
1272 511 1400 562 quid?
1430 522 1449 556 3

138 578 228 617 illos
247 578 403 617 otiosos
419 591 559 624 uocas,
578 578 732 628 quibus
748 582 851 629 aput
869 582 1083 617 tonsorem
1103 578 1263 617 multae
1279 579 1406 617 horae

137 645 501 690 transmittuntur,
520 645 622 683 dum
641 645 879 696 decerpitur
896 645 929 684 si
948 645 1052 696 quid
1069 645 1264 696 proxima
1282 649 1405 684 nocte

137 711 362 758 subcreuit‚
388 711 490 750 dum
523 711 574 750 de
607 711 777 763 singulis
810 711 969 763 capillis
1001 711 1044 750 in
1067 711 1288 751 consilium
1307 712 1405 758 itur,

81 795 119 818 10
138 779 240 818 dum
268 782 341 818 aut
369 778 545 817 disiecta
571 791 692 817 coma
718 778 957 817 restituitur
983 782 1057 818 aut
1085 771 1281 818 deficiens
1308 779 1402 820 hinc

139 849 267 896 atque
296 845 408 883 illinc
433 845 475 883 in
501 845 684 883 frontem
709 845 1007 896 compellitur?
1068 846 1281 896 quomodo
1306 845 1406 884 iras-

138 916 304 958 cuntur,
338 911 371 950 si
404 915 549 950 tonsor
580 912 706 963 paulo
739 912 1022 964 neglegentior
1053 912 1147 959 fuit,
1182 916 1400 963 tamquam

139 979 278 1028 uirum
302 978 497 1017 tonderet
518 979 524 1016 ἱ
585 979 797 1029 quomodo
822 979 1146 1025 excandescunt,
1171 979 1205 1018 si
1229 979 1332 1030 quid
1355 992 1406 1019 ex

115 1030 241 1085 iuba
272 1057 349 1084 sua
382 1044 568 1084 decisum
601 1050 676 1091 est,
705 1046 737 1084 si
771 1046 874 1096 quid
900 1049 1021 1084 extra
1046 1045 1236 1085 ordinem
1261 1046 1404 1092 iacuit

84 1122 120 1155 15
141 1112 219 1152 nisi
265 1112 408 1150 omnia
453 1111 495 1150 in
543 1112 690 1151 anulos
736 1125 832 1151 suos
878 1112 1115 1152 reciderunt
1136 1113 1142 1151 1
1203 1112 1297 1164 quis
1343 1117 1406 1152 est

140 1179 318 1218 istorum
348 1178 421 1229 qui
453 1190 537 1217 non
569 1179 688 1217 malit
721 1192 809 1218 rem
839 1179 1054 1230 publicam
1087 1192 1208 1218 suam
1245 1179 1407 1218 turbari

140 1258 270 1297 quam
301 1258 479 1291 comam,
513 1245 585 1296 qui
623 1258 707 1284 non
743 1246 958 1285 sollicitior
994 1246 1048 1285 sit
1078 1247 1130 1286 de
1159 1246 1311 1298 capitis
1344 1247 1407 1285 sui

141 1312 288 1352 decore
314 1325 445 1363 quam
471 1312 522 1351 de
550 1312 699 1358 salute,
728 1313 800 1364 qui
828 1325 912 1352 non
939 1313 1147 1365 comptior
1174 1326 1261 1352 esse
1287 1313 1408 1352 malit

140 1392 270 1431 quam
298 1379 546 1418 honestior?
608 1380 683 1418 hos
711 1383 760 1418 tu
787 1380 944 1419 otiosos
971 1392 1111 1426 uocas,
1141 1380 1251 1419 inter
1278 1380 1408 1432 pecti-

82 1461 123 1484 20
141 1459 239 1485 nem
262 1446 563 1497 speculumque
588 1450 817 1497 occupatos
837 1447 851 1486 ?
912 1446 1015 1498 quid
1040 1447 1110 1493 illi,
1137 1446 1210 1498 qui
1229 1446 1272 1485 in
1297 1459 1409 1486 com·
1431 1459 1454 1492 4

142 1513 348 1565 ponendis
385 1512 604 1551 audiendis
640 1513 848 1552 discendis
889 1514 1065 1553 canticis
1097 1513 1260 1565 operati
1294 1518 1407 1560 sunt,

143 1579 246 1619 dum
265 1592 426 1625 uocem,
449 1579 567 1618 cuius
588 1584 751 1618 rectum
771 1593 940 1619 cursum
961 1584 1115 1619 natura
1136 1584 1177 1619 et
1198 1580 1409 1632 optimum

144 1650 185 1686 et
215 1646 569 1697 simplicissimum
598 1627 784 1692 fecstsin
811 1647 945 1686 flexus
974 1646 1275 1703 modulationis
1303 1647 1410 1686 iner-

144 1712 331 1752 tissimae
369 1716 584 1764 torquent,
625 1726 806 1764 quorum
845 1714 965 1765 digiti
992 1710 1177 1765 'aliquod
1216 1714 1329 1753 intra
1367 1727 1410 1753 se

87 1793 124 1827 25
143 1792 313 1819 carmen
345 1779 764 1831 metientesisemper
796 1785 961 1827 sonant,
997 1793 1190 1832 quorum,
1226 1793 1323 1820 cum
1357 1780 1411 1819 ad

144 1859 208 1885 res
228 1846 367 1892 serias,
391 1858 514 1897 saepe
535 1846 664 1885 etiam
680 1847 835 1894 tristes,
857 1847 1036 1886 adhibiti
1057 1852 1168 1894 sunt,
1186 1847 1412 1886 exauditur

145 1912 279 1952 tacita
313 1912 582 1963 modulatio?
644 1926 728 1952 non
759 1914 918 1953 habent
947 1915 1015 1954 isti
1044 1915 1180 1954 otium
1205 1914 1278 1953 sed
1302 1914 1412 1953 iners

218 2035 238 2062 4
254 2033 416 2063 sectator
427 2031 455 2061 A
467 2058 473 2069 ‚
488 2034 676 2072 spectator
686 2032 826 2063 Erasm.
900 2035 918 2061 5
930 2030 1181 2062 iumentorum
1192 2030 1300 2067 Gertz,
1313 2029 1414 2061 iune-

148 2087 271 2115 torum
282 2083 311 2113 A
375 2088 392 2114 6
411 2082 517 2114 nouis
528 2082 618 2114 cibis
631 2084 675 2114 M
678 2083 792 2124 advig,
806 2082 1025 2114 nouissimos
1038 2082 1066 2113 A
1077 2109 1084 2119 ,
1100 2081 1300 2114 nouissimo
1314 2090 1415 2112 more

147 2136 239 2167 coni.
249 2135 348 2167 Gertz
395 2140 432 2167 16
448 2145 553 2167 suam
562 2139 642 2176 post
654 2144 798 2166 comam
809 2134 989 2166 transtulit
996 2135 1161 2166 Muretus
1209 2138 1247 2164 25
1262 2131 1412 2164 metien-

149 2185 244 2218 tium
261 2186 362 2218 malit
380 2187 477 2218 Gertz

253 2261 294 2286 D.
315 2261 347 2287 S.
1292 2261 1311 2285 2
