1623 2444
553 62 639 99 AD
678 61 804 98 HEL
819 61 974 97 VJAM
1342 68 1385 103 77

117 175 357 213 inmensum
407 177 448 212 et
498 171 863 224 incomprensibile
913 170 1135 209 arbitrium
1184 174 1261 208 est.
1320 181 1389 207 cu-

118 241 291 293 piditati
313 240 416 280 nihil
437 240 541 279 satis
563 243 639 285 est,
663 242 843 278 naturae
862 237 966 277 satis
987 241 1050 276 est
1072 237 1201 275 etiarn
1223 248 1387 287 parum.

117 308 280 347 nullum
314 320 411 359 ergo
445 310 675 358 paupertas
709 305 841 345 exulis
875 304 1191 343 incommodum
1226 302 1384 347 habet;

118 375 280 414 nullum
303 374 415 413 enirn
438 378 528 412 tam
551 373 674 424 inops
697 372 868 411 exilium
891 376 967 418 est,
993 370 1109 422 quod
1131 383 1215 409 non
1239 369 1389 408 alendo

81 457 97 489 5
118 441 277 480 homini
308 441 477 480 abunde
506 440 643 478 fertile
672 439 738 478 sit.

202 516 275 550 11.
339 508 423 546 ‘At
459 511 621 546 uestem
665 519 713 546 ac
755 506 929 544 domum
972 505 1286 543 desideraturus
1328 507 1389 542 est
1416 522 1430 545 1

119 574 264 614 exsul.'
323 575 357 613 si
381 575 484 613 haec
507 586 676 625 quoque
700 573 753 612 ad
776 585 900 611 usum
923 576 1095 610 tantum
1119 570 1388 617 desiderabit,

119 654 254 693 neque
288 645 450 681 tectum
484 641 519 680 ei
553 640 686 680 deerit
720 652 855 690 neque
888 639 1206 683 uelamentum;
1258 651 1390 688 aeque

119 708 231 748 enim
280 708 430 760 exiguo
479 708 637 760 tegitur
685 720 836 758 corpus
885 719 1015 757 quam
1066 705 1220 750 alitur;
1287 704 1391 744 nihil

64 794 101 816 10
119 775 279 814 homini
329 780 495 821 natura,
546 774 661 825 quod
711 773 991 812 necessarium
1041 772 1238 818 faciebat,
1290 771 1389 811 fecit

120 855 355 894 operosum.
415 842 488 881 sed
512 841 721 880 desiderat
747 844 985 880 saturatam
1009 840 1145 878 multo
1170 839 1390 890 conchylio
1415 852 1432 875 2

120 922 364 961 purpuram,
416 909 627 947 intextam
677 920 778 946 auro
828 907 1040 958 uariisque
1090 910 1131 945 et
1182 906 1391 945 coloribus

120 976 367 1015 distinctam
404 980 445 1015 et
484 976 673 1014 artibus:
722 987 807 1013 non
844 974 1040 1012 fortunae
1070 973 1150 1012 iste
1181 973 1286 1012 uitio
1318 973 1391 1012 sed

120 1055 196 1083 suo
232 1056 392 1095 pauper
428 1047 503 1082 est.
563 1041 728 1081 etiamsi
765 1041 822 1079 illi
856 1041 1065 1092 quidquid
1099 1040 1239 1079 amisit
1274 1040 1391 1079 resti-

65 1122 101 1156 15
122 1110 264 1156 tueris,
296 1110 398 1148 nihil
430 1122 553 1160 ages;
598 1109 693 1161 plus
723 1108 834 1147 enim
864 1108 1063 1147 restituto
1094 1107 1226 1146 deerit
1257 1120 1309 1146 ex
1343 1120 1391 1145 eo

122 1177 237 1228 quod
271 1177 401 1228 cupit,
437 1189 568 1228 quam
603 1175 735 1215 exsuli
771 1189 821 1214 ex
857 1188 905 1213 eo
944 1175 1059 1226 quod
1096 1174 1259 1213 habuit.
1319 1174 1392 1213 sed
1415 1185 1435 1220 3

122 1244 332 1283 desiderat
378 1243 513 1283 aureis
556 1243 789 1294 fulgentem
832 1242 945 1281 uasis
988 1241 1303 1293 supellectilem,
1350 1245 1391 1280 et

124 1311 310 1362 antiquis
347 1310 588 1349 nominibus
625 1310 835 1348 artificum
873 1314 1095 1360 argentum
1132 1308 1283 1353 nobile,
1324 1321 1393 1347 aes

123 1390 355 1430 paucorum
394 1377 558 1416 insania
596 1376 841 1428 pretiosum,
883 1380 924 1414 et
964 1388 1182 1414 seruorum
1221 1375 1393 1414 turbam

64 1459 106 1482 20
123 1457 233 1496 quae
250 1445 446 1496 quamuis
463 1457 663 1495 magnam
681 1444 855 1482 domurn
875 1447 1085 1493 angustet.
1106 1442 1393 1481 iumentorum

62 1554 64 1557 ,
124 1524 301 1563 corpora
333 1511 502 1550 differta
535 1514 576 1550 et
603 1515 751 1549 coacta
782 1509 1064 1561 pinguescere,
1092 1513 1133 1547 et
1170 1509 1394 1548 nationum

124 1578 314 1617 omnium
349 1578 537 1630 lapides:
586 1577 670 1616 ista
702 1581 983 1627 congerantur
1014 1576 1123 1622 licet,
1159 1589 1394 1627 numquam

125 1645 357 1697 explebunt
394 1645 690 1696 inexplebilem
729 1644 930 1689 animum,
971 1656 1054 1682 non
1092 1643 1226 1694 magis
1263 1656 1394 1694 quam

125 1712 235 1751 ullus
260 1712 438 1751 sufficiet
462 1724 584 1751 umor
609 1711 663 1750 ad
687 1711 931 1750 satiandum
956 1722 1065 1756 eum,
1093 1710 1210 1749 cuius
1236 1709 1394 1748 deside-

66 1795 106 1828 25
126 1779 235 1818 rium
258 1792 343 1818 non
367 1792 418 1817 ex
441 1779 584 1830 inopia
606 1778 680 1817 sed
703 1791 754 1816 ex
779 1781 899 1816 aestu
922 1777 1163 1815 ardentium
1186 1776 1395 1816 uiscerum

127 1845 260 1884 oritur
278 1858 287 1892 ;
329 1858 414 1884 non
439 1845 550 1884 enim
575 1845 666 1884 sitis
691 1844 762 1883 illa
786 1844 859 1883 sed
883 1843 1056 1882 morbus
1081 1848 1156 1882 est.
1216 1857 1292 1882 nec
1317 1844 1396 1882 hoc
1417 1855 1440 1888 4

126 1913 169 1951 in
183 1912 363 1964 pecunia
376 1916 547 1951 tantum
563 1916 637 1950 aut
652 1911 862 1950 alimentis
877 1910 1017 1949 euenit
1038 1922 1047 1956 ;
1079 1911 1227 1949 eadem
1242 1915 1399 1949 natura

129 1983 191 2018 est
216 1979 259 2018 in
292 1979 407 2018 omni
437 1978 654 2024 desiderio,
680 1978 796 2029 quod
819 1978 946 2016 modo
971 1990 1055 2016 non
1080 1990 1132 2015 ex
1155 1977 1298 2028 inopia
1322 1977 1396 2015 sed

129 2059 181 2085 ex
203 2046 310 2085 uitio
334 2046 522 2085 nascitur
542 2058 548 2084 :
590 2045 799 2096 quidquid
821 2044 879 2082 illi
904 2044 1169 2095 congesseris,
1195 2057 1279 2083 non
1303 2044 1398 2082 finis

71 2125 112 2156 30
129 2113 206 2151 erit
237 2113 485 2164 cupiditatis
515 2112 589 2151 sed
609 2112 776 2163 gradus.
836 2111 907 2162 qui
931 2111 1165 2150 continebit
1188 2111 1333 2162 itaque
1356 2123 1398 2149 se

398 2193 436 2221 15
461 2189 635 2222 restituto
652 2190 830 2225 Muretus,
850 2188 1081 2220 restituendo
1098 2187 1126 2218 A
