1623 2444
253 81 303 114 44
769 70 1008 108 SENECA

254 184 296 219 et
318 180 423 219 alter
444 180 485 219 in
507 180 686 220 alterum
708 180 919 227 illidimur,
943 186 983 220 et
1006 182 1233 234 aliquando
1255 183 1521 235 naufragium

254 247 444 293 facimus,
473 260 636 299 semper
662 247 888 293 timemus;
932 248 973 287 in
1001 249 1078 288 hoc
1106 254 1195 289 tarn
1222 250 1451 302 procelloso
1479 254 1521 289 et

255 314 309 352 ad
347 327 492 353 omnes
530 318 807 366 tempestates
846 315 1038 366 exposito
1076 317 1181 355 mari
1221 316 1522 368 nauigantibus

214 381 395 426 7nullus
431 384 581 432 portus
617 381 695 420 nisi
732 381 882 420 mortis
919 386 993 421 est.
1054 396 1104 421 ne
1141 383 1286 434 itaque
1321 383 1521 422 inuideris

254 447 374 486 fratri
410 451 513 486 tuo:
563 448 753 499 quiescit.
814 448 987 487 tandem
1023 449 1138 495 liber,
1176 451 1349 489 tandem
1385 454 1517 496 tutus,
1542 467 1559 500 5

255 515 428 553 tandem
450 518 645 554 aeternus
667 519 742 554 est.
801 516 1071 566 superstitem
1093 516 1312 556 Caesarem
1334 530 1520 556 omnem-

253 594 335 632 que
372 581 459 620 eius
495 582 667 633 prolem,
706 582 976 633 superstitem
1014 587 1056 622 te
1092 596 1188 622 cum
1225 583 1520 623 communibus

215 648 381 686 habet
409 648 621 687 fratribus.
682 653 912 700 antequam
939 650 1167 700 quicquam
1194 664 1245 689 ex
1272 663 1347 689 suo
1374 651 1519 689 fauore

252 715 442 754 Fortuna
480 719 680 761 mutaret,
719 720 905 754 stantem
938 704 1075 755 adhuc
1111 717 1225 755 illam
1262 721 1304 756 et
1343 730 1520 756 munera

208 788 230 823 8
250 782 375 833 plena
427 795 577 821 manu
611 787 904 833 congerentem
959 759 1139 834 reliquit.
1199 784 1353 823 fruitur
1406 797 1518 823 nunc
1542 798 1580 820 10

251 852 398 900 aperto
426 853 467 888 et
495 849 625 888 libero
655 849 794 895 caelo;
831 863 881 888 ex
909 850 1055 889 humili
1089 855 1217 901 atque
1248 851 1443 902 depresso
1475 851 1518 890 in

251 929 346 954 eum
387 916 558 954 emicuit
598 916 749 962 locum,
791 917 981 968 quisquis
1021 917 1087 956 ille
1127 921 1203 963 cst,
1245 917 1317 968 qui
1358 917 1518 956 solutas

250 982 428 1021 uinculis
466 983 628 1021 animas
665 983 791 1021 beato
830 983 976 1035 recipit
1015 984 1121 1029 sinu,
1162 988 1202 1023 et
1242 998 1353 1023 nunc
1390 984 1518 1023 libere

248 1049 330 1088 illic
373 1053 554 1101 uagatur
597 1050 823 1101 omniaque
866 1063 1003 1089 rerum
1048 1055 1225 1089 naturae
1268 1051 1380 1090 bona
1421 1064 1517 1090 cum

248 1129 414 1155 summa
460 1117 683 1168 uoluptate
728 1117 939 1168 perspicit.
1000 1129 1138 1156 erras:
1203 1131 1286 1157 non
1332 1117 1516 1169 perdidit
1542 1133 1578 1165 15

247 1183 382 1221 lucem
433 1183 563 1222 frater
612 1187 712 1222 tuus
761 1183 833 1222 sed
887 1184 1151 1223 sinceriorem
1210 1184 1385 1223 sortitus
1439 1188 1515 1224 est.

144 1272 149 1279 r
205 1250 444 1297 oomnibus
484 1238 572 1303 illo*
594 1250 715 1289 nobis
754 1263 976 1289 commune
1016 1255 1078 1289 est
1119 1251 1224 1289 iter:
1283 1251 1386 1302 quid
1426 1251 1518 1290 fata

247 1317 483 1356 deflemus?
546 1330 629 1356 non
656 1317 823 1368 reliquit
849 1317 916 1356 ille
942 1331 1017 1356 nos
1042 1318 1114 1356 sed
1141 1318 1377 1357 antecessit.
1438 1322 1514 1364 est,

246 1383 348 1422 mihi
374 1384 508 1429 crede,
535 1397 690 1435 magna
714 1384 893 1422 felicitas
925 1384 967 1422 in
993 1384 1083 1435 ipsa
1108 1385 1358 1423 necessitate
1391 1384 1515 1423 mori-

246 1450 355 1489 endi.
401 1451 502 1489 nihil
519 1464 570 1489 ne
586 1451 628 1489 in
648 1454 789 1489 totum
805 1450 977 1502 quidem
994 1451 1104 1490 diem
1125 1451 1226 1490 certi
1244 1456 1306 1490 est
1328 1464 1334 1490 ζ
1363 1451 1457 1502 quis
1472 1451 1515 1490 in
1537 1472 1578 1494 20

245 1521 335 1555 tam
368 1517 549 1556 obscura
580 1521 621 1556 et
659 1517 854 1556 inuoluta
885 1517 1068 1556 ueritate
1101 1517 1280 1563 diuinat,
1314 1522 1515 1557 utrumne

245 1584 364 1623 fratri
403 1588 477 1623 tuo
514 1597 626 1623 mors
662 1584 860 1623 inuiderit
893 1598 946 1623 an
983 1585 1272 1623 consuluerit?

206 1667 218 1690 1
328 1658 403 1691 10.
465 1651 575 1690 Illud
601 1642 885 1706 quoquesqua
912 1651 1074 1690 iustitia
1100 1651 1142 1689 in
1168 1651 1365 1691 omnibus
1391 1652 1515 1691 rebus

243 1709 310 1763 65,Ι
330 1731 495 1757 11666556
525 1722 588 1756 est
619 1722 661 1756 te
692 1718 878 1763 adiuuet,
910 1718 1169 1769 cogitantem
1203 1732 1286 1757 non
1317 1718 1513 1757 iniuriam

244 1784 319 1823 tibi
350 1785 521 1830 factam,
554 1785 669 1835 quod
698 1784 826 1823 talem
857 1785 1031 1823 fratrem
1061 1785 1252 1831 amisisti,
1283 1785 1357 1824 sed
1389 1785 1512 1824 bene·
1534 1797 1571 1829 25

241 1851 382 1890 ficium
419 1851 582 1897 datum,
622 1851 737 1902 quod
774 1855 863 1889 tam
901 1851 973 1890 diu
1010 1851 1087 1889 tibi
1125 1851 1286 1903 pietate
1323 1851 1411 1891 eius
1447 1852 1511 1891 uti

200 1929 217 1952 2
220 1918 406 1977 fruique
426 1918 557 1957 licuit.
617 1917 786 1969 iniquus
807 1922 882 1964 est,
905 1917 977 1968 qui
998 1918 1183 1957 muneris
1204 1918 1267 1957 sui
1289 1918 1523 1958 arbitrium¹

232 1972 373 2024 danti
386 1997 470 2023 non
496 1984 709 2036 relinquit,
737 1984 899 2030 auidus,
927 1984 999 2035 qui
1026 1997 1109 2023 non
1135 1985 1237 2024 lucri
1263 1985 1354 2024 loco
1380 1985 1509 2027 habet

305 2101 322 2127 1
348 2108 371 2123 <
385 2106 464 2127 ne>
491 2095 724 2136 naufragium
743 2095 922 2126 faciamus
945 2095 1097 2126 Goerenz
1189 2099 1206 2126 3
1232 2096 1279 2126 ad
1297 2096 1406 2132 Gertz,
1426 2095 1463 2126 in
1480 2096 1508 2127 Ο

237 2151 274 2178 16
299 2147 529 2178 sinceriorem
555 2147 664 2183 Gertz,
689 2147 907 2177 securiorem
934 2148 973 2183 Ο,
995 2146 1154 2177 securior
1174 2149 1229 2177 cst
1252 2147 1300 2183 H,
1326 2147 1507 2187 puriorem

236 2199 413 2240 Spalding
504 2202 541 2229 19
568 2198 785 2229 necessitate
803 2199 967 2239 Heylbut,
988 2198 1164 2229 felicitate
1181 2199 1209 2229 Ο
