1623 2444
157 930 169 952 I

486 483 533 524 L.
578 483 829 523 ANNAHI
877 482 1173 523 SENECAE

299 592 856 645 DIALOGORVM
919 591 1177 643 LIBER
1236 590 1354 642 XII

490 710 568 746 AD
612 710 878 746 HELVIAM
923 710 1171 746 MATREM

595 797 656 826 DE
689 796 1069 827 CONSOLATIONE

280 921 322 954 Ι.
382 913 514 964 Saepe
540 912 637 957 iam,
658 916 795 951 mater
820 912 995 964 optima,
1023 913 1230 964 impetum
1257 912 1347 963 cepi
1373 925 1469 951 con-

196 979 359 1019 solandi
393 984 448 1026 te,
484 992 608 1031 saepe
641 979 844 1018 continui.
904 984 951 1018 ut
987 980 1198 1025 auderem,
1234 979 1371 1018 multa
1404 992 1471 1017 me

197 1047 468 1098 inpellebant.
528 1047 713 1098 primum
740 1046 917 1085 uidebar
943 1047 1212 1098 depositurus
1239 1046 1382 1084 omnia
1408 1045 1470 1084 in-

197 1114 433 1159 commoda,
471 1126 567 1152 curn
602 1113 797 1152 lacrimas
832 1118 941 1159 tuas,
979 1113 1119 1170 etiams
1143 1113 1175 1152 si
1211 1113 1472 1164 supprimere
1523 1131 1525 1135 ¹
1582 1121 1593 1140 '1

198 1194 282 1220 non
316 1181 563 1232 potuissem,
600 1180 769 1219 interim
804 1184 916 1219 certe
951 1170 1269 1226 abstersissem;
1321 1180 1509 1227 deinde5

197 1248 292 1300 plus
326 1247 573 1286 habitururn
607 1260 674 1285 me
709 1247 978 1286 auctoritatis
1011 1259 1095 1286 non
1129 1247 1382 1286 dubitabam
1417 1246 1471 1285 ad

199 1315 470 1354 excitandam
486 1319 542 1361 te,
560 1314 592 1353 si
608 1314 722 1365 prior
736 1314 824 1365 ipse
840 1313 1193 1353 consurrexissem
1213 1326 1222 1360 ς
1254 1318 1475 1365 praeterea

200 1382 417 1427 timebam,
456 1394 507 1420 ne
543 1394 568 1420 a
601 1394 668 1419 me
703 1381 819 1420 uicta
854 1381 1027 1420 fortuna
1063 1381 1244 1432 aliquem
1281 1393 1472 1419 meorum

199 1449 414 1488 uinceret:
477 1448 622 1499 itaque
667 1452 900 1499 utcumque
945 1448 1130 1487 conabar
1173 1460 1303 1486 manu
1348 1459 1474 1498 super

200 1516 368 1567 plagam
400 1528 539 1554 meam
570 1515 755 1566 inposita
786 1515 839 1553 ad
870 1515 1097 1566 obliganda
1126 1514 1300 1553 uolnera
1330 1518 1473 1553 uestra
1498 1530 1535 1552 10

201 1587 379 1634 reptare.
440 1582 518 1621 hoc
552 1582 818 1633 propositum
854 1594 996 1620 meum
1032 1586 1151 1620 erant
1187 1594 1330 1620 rursus
1364 1593 1474 1632 quae

201 1650 478 1688 retardarent.
539 1648 671 1687 dolori
690 1653 777 1694 tuo,
797 1649 899 1687 dum
917 1661 1059 1687 recens
1075 1648 1270 1694 saeuiret,
1289 1648 1474 1687 sciebam

201 1716 506 1755 occurrendum
528 1729 611 1755 non
633 1729 733 1761 esse,
756 1728 807 1754 ne
828 1715 944 1754 illum
966 1715 1057 1767 ipsa
1076 1715 1231 1754 solacia
1250 1714 1474 1754 inritarent

202 1788 242 1822 et
270 1783 592 1822 accenderent—
603 1795 702 1821 nam
727 1782 768 1820 in
793 1782 950 1820 morbis
974 1795 1143 1833 quoque
1168 1782 1269 1820 nihil
1295 1786 1357 1820 est
1382 1794 1473 1833 per-

202 1850 399 1889 niciosius
430 1863 559 1900 quam
592 1849 821 1888 immatura
853 1848 1143 1887 111edicina*:
1193 1848 1473 1900 expectabam
1499 1861 1534 1894 15

202 1917 360 1968 itaque,
380 1917 482 1955 dum
501 1916 589 1967 ipse
607 1916 716 1955 uires
734 1929 831 1954 suas
849 1916 1073 1966 frangeret,
1094 1920 1135 1954 et
1155 1916 1209 1954 ad
1226 1915 1476 1954 sustinenda

203 1984 388 2022 remedia
405 1996 525 2022 mora
543 1983 764 2034 mitigatus
782 1982 899 2033 tangi
920 1996 962 2021 se
982 1996 1029 2021 ac
1049 1982 1222 2021 tractari
1242 1986 1473 2034 pateretur.

203 2055 421 2102 praeterea
477 2063 573 2089 cum
631 2049 773 2088 omnia
830 2049 1154 2088 clarissimorum
1213 2048 1474 2100 ingeniorum
1506 2036 1508 2038 Ι

203 2118 466 2156 monimenta
497 2117 551 2155 ad
582 2116 908 2167 compescendos
939 2116 1303 2166 moderandosque
1334 2115 1475 2154 luctus

203 2184 439 2235 composita
485 2183 737 2229 euoluerem,
787 2195 870 2221 non
918 2183 1185 2222 mueniebam
1233 2182 1473 2233 exemplum
1495 2198 1535 2220 20
