1623 2444
549 48 635 83 AD
673 48 748 84 ΡΑ
764 49 1002 84 VLJNVM
1357 55 1401 88 29

137 158 280 198 furiosi
307 161 349 196 et
375 156 537 195 externi
564 160 605 194 et
632 156 852 195 infeliciter
877 155 1045 207 superbi
1072 154 1178 205 regis
1204 151 1400 191 imitatio.

136 237 263 277 quem
309 228 411 263 tunc
457 222 646 261 animum
693 222 932 261 habuerunt
978 221 1049 267 illi,
1102 220 1256 272 quibus
1314 222 1404 256 erat
1425 221 1446 255 6

136 291 344 331 mandata
375 289 575 329 frumenti
605 289 761 341 publici
798 302 910 335 cura,
937 301 1052 334 saxa,
1079 288 1248 332 ferrum,
1275 285 1403 336 ignes,

138 358 291 398 Gaium
312 356 545 408 excepturi!
578 369 743 394 summa
762 355 1096 394 dissimulatione
1110 358 1281 393 tantum
1297 352 1406 390 inter

100 437 116 470 5
138 425 298 464 uiscera
325 423 498 463 latentis
529 423 629 461 mali
661 423 875 474 tegebant,
907 435 1003 461 cum
1036 421 1199 460 ratione
1233 418 1403 464 scilicet,

139 491 349 543 quaedam
391 490 502 530 enim
543 489 834 541 ignorantibus
877 489 1008 540 aegris
1049 487 1237 527 curanda
1277 490 1404 525 sunt:

139 571 267 598 causa
298 558 445 597 multis
477 557 682 595 moriendi
716 556 797 595 fuit
830 556 1026 595 morbum
1060 568 1183 594 suum
1217 566 1349 592 nosse.

226 633 300 678 19.
362 624 518 675 Recipe
551 628 593 662 te
640 623 693 662 ad
738 624 840 661 haec
887 622 1192 673 tranquilliora,
1231 620 1405 665 tutiora,
1433 637 1444 659 1

140 692 326 731 maiora!
387 691 520 730 simile
549 696 598 730 tu
626 694 754 742 putas
787 703 886 735 esse,
922 694 1066 728 utrum
1099 702 1229 735 cures,
1265 692 1313 726 ut
1347 686 1407 725 in-

85 772 122 794 10
140 762 387 810 corruptum
412 762 453 796 et
480 771 505 796 a
528 757 676 796 fraude
701 757 1003 795 aduehentium
1029 760 1070 794 et
1097 769 1121 794 a
1145 753 1410 807 neglegentia

140 826 401 864 frumentum
445 824 770 863 transfundatur
813 823 855 862 in
900 824 1060 868 horrea,
1107 836 1158 861 ne
1202 825 1408 872 concepto

141 905 286 931 umore
311 892 487 931 uitietur
513 896 555 930 et
581 891 855 935 concalescat,
885 895 932 928 ut
960 890 1014 928 ad
1039 902 1280 928 mensuram
1306 901 1409 939 pon-

142 959 305 1010 dusque
343 959 608 1010 respondeat,
650 971 702 996 an
743 958 796 996 ad
835 958 937 995 haec
976 970 1094 995 sacra
1132 962 1173 995 et
1213 954 1410 995 sublimia

144 1026 330 1071 accedas,
352 1011 673 1077 sciturusffiuae
692 1024 871 1063 materia
891 1024 945 1062 sit
966 1024 1044 1069 dei,
1067 1035 1176 1074 quae
1196 1023 1408 1074 uoluptas,

3 1138 11 1152 Ι
37 1090 121 1139 ¹⁶'15
143 1105 252 1144 quae
271 1092 474 1138 condicio,
496 1104 605 1143 quae
624 1092 761 1130 forma
780 1103 788 1137 ;
825 1091 919 1141 quis
939 1090 1127 1129 animum
1148 1095 1271 1129 tuum
1291 1101 1412 1128 casus

144 1163 352 1211 expectet,
400 1159 473 1198 ubi
521 1172 596 1197 nos
643 1172 667 1197 a
717 1158 961 1209 corporibus
1011 1157 1205 1196 dimissos
1258 1160 1413 1195 natura

145 1230 401 1278 componat;
448 1225 551 1277 quid
587 1225 640 1264 sit
678 1225 792 1276 quod
829 1225 952 1263 huius
984 1224 1132 1263 mundi
1165 1222 1414 1275 grauissima

145 1306 338 1345 quaeque
357 1292 400 1332 in
421 1292 559 1331 medio
581 1292 801 1337 sustineat,
824 1304 952 1342 supra
971 1291 1081 1329 leuia
1102 1290 1347 1342 suspendat,
1371 1289 1413 1328 in

145 1373 359 1399 summum
395 1360 534 1411 ignem
571 1359 692 1404 ferat,
732 1358 867 1397 sidera
905 1358 1067 1396 uicibus
1104 1357 1189 1396 suis
1227 1356 1383 1396 excitet
1386 1378 1437 1422 Α

86 1439 127 1461 20
146 1431 286 1466 cetera
315 1426 510 1478 deinceps
540 1425 781 1477 ingentibus
810 1425 934 1476 plena
963 1424 1210 1463 miraculis?
1271 1424 1336 1462 uis
1366 1428 1415 1462 tu
1437 1441 1455 1464 2

147 1494 291 1532 relicto
310 1494 397 1532 solo
416 1497 558 1532 mente
578 1493 631 1532 ad
650 1493 732 1531 ista
750 1492 952 1543 respicere
972 1493 978 1530 l
1039 1504 1163 1537 nunc,
1185 1491 1287 1530 dum
1306 1490 1414 1529 calet

151 1560 332 1612 sanguis,
361 1560 602 1611 uigentibus
630 1559 815 1598 sensibus
843 1559 897 1597 ad
920 1559 1096 1599 meliora
1123 1558 1309 1596 eundum
1337 1561 1413 1595 est.

148 1631 345 1679 expectat
382 1631 426 1666 te
460 1627 503 1666 in
539 1627 618 1665 hoc
653 1638 802 1678 genere
837 1626 952 1664 uitae
987 1625 1171 1664 multum
1207 1624 1416 1663 bonarum

150 1694 318 1740 artium,
367 1706 484 1733 amor
538 1693 748 1732 uirtutum
796 1696 924 1743 atque
971 1705 1083 1738 usus,
1130 1691 1416 1743 cupiditatum

91 1774 129 1807 25
149 1760 318 1807 obliuio,
337 1760 507 1800 uiuendi
525 1773 572 1799 ac
588 1759 792 1798 moriendi
809 1759 996 1805 sclentia,
1020 1760 1107 1798 alta
1126 1771 1264 1797 rerum
1284 1757 1414 1809 quies.

231 1827 433 1867 Omnium
450 1827 622 1879 quidem
639 1831 943 1877 occupatorum
961 1826 1150 1865 condicio
1169 1825 1321 1864 misera
1339 1828 1414 1870 est,
1439 1835 1459 1871 3

151 1906 296 1933 eorum
316 1898 460 1933 tamen
480 1894 724 1939 miserrima,
747 1893 819 1944 qui
846 1906 896 1931 ne
921 1893 1005 1931 suis
1026 1893 1197 1944 quidem
1221 1892 1417 1930 laborant

152 1961 514 2012 occupationibus,
553 1960 607 1999 ad
645 1960 828 1999 alienum
864 1960 1079 1998 dormiunt
1116 1971 1324 2004 somnum,
1365 1958 1419 1996 ad

155 2027 337 2066 alienum
382 2027 602 2066 ambulant
647 2027 838 2077 gradum,
887 2039 1027 2065 amare
1072 2030 1113 2065 et
1160 2025 1308 2071 odisse,
1356 2037 1420 2062 res

96 2109 137 2140 30
154 2095 344 2133 omnium
360 2094 605 2140 liberrimas,
624 2093 836 2132 iubentur.
896 2093 937 2131 hi
955 2093 988 2131 si
1006 2093 1151 2132 uolent
1169 2092 1272 2131 scire
1290 2104 1420 2143 quam

156 2182 176 2208 4
192 2176 287 2209 inter
302 2186 309 2209 :
337 2177 460 2210 malim
477 2176 576 2208 intra
618 2181 656 2207 14
673 2176 848 2208 uoluntas
865 2182 892 2208 ἔ
934 2180 972 2207 22
989 2175 1156 2208 sensibus
1173 2176 1252 2208 add.
1266 2174 1422 2215 ,Madvig
