1623 2444
216 79 234 102 2
736 67 808 103 SE
815 67 898 102 NE
907 66 974 102 CA

211 175 621 215 consummationem
651 176 763 226 large
794 176 897 214 data
927 179 1002 221 est,
1036 175 1068 213 si
1099 178 1193 213 tota
1222 174 1329 212 bene
1359 173 1482 212 collo—

213 247 403 289 caretur;
437 243 523 289 sed,
548 242 621 281 ubi
643 256 716 294 per
740 243 887 281 luxum
912 256 973 305 act.
984 241 1291 293 neglegentiam
1315 240 1481 285 diffluit,

213 310 285 349 ubi
312 310 413 348 nulli
440 310 575 348 bonae
602 310 657 347 rei
686 308 1122 360 inpenditur,¹ultima
1147 309 1319 347 demum
1344 320 1483 346 neces—

214 377 341 416 sitate
372 366 574 428 cogente]
592 389 722 427 quam
753 376 810 414 ire
841 389 925 415 non
956 374 1251 421 intelleximus,
1284 374 1484 413 transisse

171 444 431 489 4sentimus.
491 443 553 482 ita
591 447 681 482 est:
743 457 826 482 non
865 443 1094 494 accipimus
1138 442 1310 480 breuem
1347 441 1483 480 uitam
1505 454 1522 486 5

214 511 287 550 sed
329 510 520 556 facimus,
567 523 642 549 nec
685 510 830 562 inopes
873 510 961 548 eius
1004 510 1076 548 sed
1118 509 1280 561 prodigi
1324 521 1481 547 sumus.

214 578 322 617 sicut
348 577 513 629 amplae
537 581 579 615 et
604 577 740 628 regiae
765 590 877 628 opes,
904 577 976 615 ubi
1003 577 1056 615 ad
1081 577 1241 615 malum
1265 575 1485 614 dominum

213 648 511 696 peruenerunt,
543 649 760 683 momento
791 644 1063 695 dissipantur,
1097 648 1140 682 at
1171 642 1368 694 quamuis
1397 654 1485 680 mo-

215 712 345 758 dicae,
382 711 415 750 si
449 711 561 750 bono
596 711 761 750 custodi
797 711 980 749 traditae
1015 715 1127 757 sunt,
1164 723 1242 749 usu
1277 712 1483 754 crescunt,

214 779 276 817 ita
303 782 420 817 aetas
446 782 593 817 nostra
618 778 725 817 bene
752 777 993 829 disponenti
1022 778 1209 816 multum
1238 780 1372 828 patet.
1512 792 1548 813 10

176 862 190 885 1
306 854 350 886 2.
410 845 521 897 Quid
556 846 608 883 de
643 858 781 884 rerum
824 849 979 884 natura
1021 844 1269 895 querimur?
1330 843 1401 881 illa
1443 854 1486 881 se

214 912 393 964 benigne
413 913 540 964 gessit
561 925 567 951 :
606 913 710 958 uita,
733 912 767 951 si
788 912 851 950 uti
873 912 991 958 scias,
1014 912 1139 962 longa
1159 915 1234 950 est.
1295 914 1335 948 at
1357 909 1486 948 alium

214 979 468 1019 insatiabilis
503 984 620 1019 tenet
658 979 851 1025 auaritia,
885 979 1013 1017 aliurn
1054 979 1096 1017 in
1127 976 1398 1030 superuacuis
1426 976 1485 1014 la-

214 1046 388 1085 boribus
416 1059 592 1098 operosa
621 1046 851 1092 sedulitas;
898 1046 1003 1084 alius
1042 1045 1141 1084 uino
1180 1044 1337 1089 madet,
1380 1043 1485 1082 alius

215 1113 368 1153 inertia
406 1118 576 1166 torpet;
633 1113 762 1152 alium
801 1113 1008 1163 defatigat
1049 1126 1100 1151 ex
1140 1111 1284 1151 alienis
1322 1109 1486 1149 iudiciis
1511 1122 1548 1154 15

215 1194 418 1232 suspensa
451 1194 615 1233 semper
648 1180 838 1226 ambitio,
875 1180 1005 1218 alium
1039 1179 1252 1218 mercandi
1286 1190 1485 1229 praeceps

215 1248 427 1299 cupiditas
456 1248 566 1287 circa
594 1247 730 1287 omnis
758 1251 903 1292 terras,
935 1246 1077 1285 omnia
1105 1246 1258 1302 maria,
1281 1258 1354 1296 spe
1381 1243 1485 1283 lucri

216 1315 362 1361 ducit;
414 1315 623 1366 quosdam
658 1318 830 1365 torquet
866 1314 1019 1365 cupido
1055 1313 1229 1352 militiae
1265 1323 1485 1362 nunquam

216 1395 300 1421 non
336 1386 410 1421 aut
447 1382 591 1421 alienis
625 1381 820 1434 periculis
854 1381 1041 1419 intentos
1077 1384 1151 1419 aut
1187 1379 1271 1418 suis
1307 1378 1455 1417 anxios
1475 1390 1483 1424 ;

215 1453 315 1488 sunt
361 1462 468 1500 quos
513 1449 704 1500 ingratus
751 1447 1013 1499 superiorum
1059 1447 1197 1486 cultus
1243 1445 1486 1485 uoluntaria
1507 1460 1549 1482 20

177 1529 194 1552 2
215 1516 421 1555 seruitute
455 1520 706 1562 consumat;
758 1515 915 1554 multos
950 1518 1023 1553 aut
1060 1513 1290 1552 adfectatio
1326 1512 1485 1551 alienae

216 1583 412 1622 fortunae
440 1587 514 1622 aut
542 1596 642 1622 suae
669 1582 853 1633 querella
880 1581 1078 1622 detinuit.
1135 1581 1356 1632 plerosque
1383 1578 1485 1618 nihil

216 1654 380 1689 certum
401 1641 616 1701 sequentis
637 1662 747 1701 uaga
768 1653 809 1688 et
832 1648 1076 1687 inconstans
1098 1652 1139 1686 et
1162 1647 1239 1686 sibi
1262 1646 1486 1698 displicens

215 1717 368 1756 leuitas
394 1730 468 1768 per
495 1730 607 1756 noua
634 1716 807 1755 consilia
834 1715 1011 1754 iactauit
1031 1727 1040 1761 ;
1084 1714 1340 1765 quibusdam
1368 1712 1484 1758 nihil,

217 1797 302 1835 quo
322 1797 491 1823 cursum
511 1784 702 1835 derigant
709 1783 719 1829 ,i
732 1783 883 1834 placet,
905 1782 979 1821 sed
1000 1772 1226 1821 marcentis
1247 1774 1485 1819 oscitantis-
1507 1794 1546 1825 25

217 1864 299 1902 que
327 1851 419 1889 fata
448 1851 728 1902 deprendunt,
761 1850 865 1888 adeo
895 1853 942 1887 ut
972 1849 1087 1899 quod
1117 1852 1221 1900 aput
1251 1847 1485 1887 maximum

217 1921 440 1969 poetarum
470 1930 585 1957 more
615 1917 771 1956 oraculi
803 1917 966 1955 dictum
996 1919 1072 1961 est,
1104 1928 1253 1954 uerum
1283 1927 1370 1953 esse
1400 1923 1485 1953 non

218 1984 437 2023 dubitem:
501 1984 681 2036 ‘exigua
723 1996 820 2035 pars
865 1987 926 2021 est
971 1982 1098 2028 uitae,
1144 1995 1230 2033 qua
1272 1980 1483 2020 uiuimus.’

217 2055 405 2091 ceterum
430 2051 602 2102 quidem
629 2063 752 2090 omne
779 2050 966 2101 spatium
992 2062 1076 2088 non
1102 2049 1194 2088 uita
1219 2048 1292 2087 sed
1317 2052 1487 2099 tempus

291 2151 309 2177 6
332 2145 488 2177 facimus
506 2146 614 2182 Gertz,
634 2145 788 2177 fecimus
801 2145 829 2175 A
931 2149 968 2175 12
988 2147 1028 2175 at
1045 2145 1124 2176 add.
1145 2144 1262 2184 Pauly
1355 2146 1393 2173 22
1416 2142 1488 2173 for-

219 2200 334 2230 tunae
350 2199 455 2240 uolg.,
473 2198 612 2229 formae
628 2198 657 2228 A
746 2197 906 2239 querella
924 2196 1085 2237 Madvig,
1104 2206 1179 2238 qua
1195 2195 1242 2231 A,
1262 2204 1350 2226 cura
1367 2195 1489 2226 Haase
