1623 2444
508 72 595 107 AD
624 71 700 108 ΡΑ
717 71 957 107 VLJNVM
1342 83 1361 120 5

90 180 299 220 sentiente
322 180 425 231 quid
447 180 654 231 perderes,
680 183 892 232 quantum
915 193 1052 218 uanus
1076 180 1206 225 dolor,
1232 180 1366 219 stulta

91 247 267 293 laetitia,
286 247 414 286 auida
428 246 653 298 cupiditas,
671 246 829 286 blanda
844 246 1110 285 conuersatio
1127 246 1363 293 abstulerit,

92 327 223 366 quarn
245 314 444 365 exiguum
467 313 545 352 tibi
570 314 622 352 de
645 317 720 353 tuo
744 313 937 352 relictum
961 313 1014 352 sit
1036 325 1042 351 :
1084 313 1299 365 intelleges
1322 318 1365 352 te

92 381 355 420 inmaturum
393 380 526 420 mori.’
586 381 689 435 quid
728 393 824 432 ergo
864 384 927 419 est
966 379 1009 418 in
1048 380 1210 419 causa?
1272 384 1366 419 tan·
1387 391 1410 424 4

57 463 73 496 5
92 461 223 499 quam
239 460 403 499 semper
419 447 573 487 uicturi
587 440 756 494 ¹uiuitis;
782 460 1017 498 numquam
1030 447 1152 486 uobis
1160 447 1367 498 fragilitas

93 519 238 554 uestra
261 514 466 554 succurrit
488 527 496 561 ;
528 528 611 554 non
637 514 887 561 obseruatis,
914 518 1127 565 quantum
1152 514 1237 553 iam
1262 518 1367 553 tem-

94 582 207 634 poris
226 581 439 621 transierit
460 594 469 628 ;
505 582 622 621 uelut
643 595 694 621 ex
713 582 837 634 pleno
857 585 899 620 et
920 581 1157 620 abundanti
1176 581 1363 633 perditis,

94 662 193 688 cum
219 648 389 687 interim
416 649 594 687 fortasse
621 649 688 687 ille
714 649 802 700 ipse
829 648 901 699 qui
930 648 1086 699 aliquoi
1114 648 1180 687 uel
1207 648 1364 687 homini

95 715 163 755 uel
197 715 253 754 rei
290 716 475 755 donatur
509 715 597 754 dies
630 716 806 755 ultimus
840 715 907 754 sit.
967 715 1110 754 omnia
1145 719 1367 766 tamquam

40 799 78 821 10
95 782 295 822 mortales
329 782 502 828 timetis,
540 783 683 822 omnia
719 787 942 833 tamquam
977 782 1236 821 immortales
1271 795 1368 821 con-

96 849 322 901 cupiscitis.
383 849 528 888 audies
558 850 779 901 plerosque
810 849 1024 888 dicentes:
1075 849 1083 862 ‘
1105 862 1129 887 a
1159 849 1408 900 quinqua-5

95 916 253 968 gesimo
273 929 383 955 anno
402 916 444 955 in
463 916 599 955 otium
617 917 823 963 secedam,
844 916 1129 967 sexagesimus
1147 928 1214 955 me
1233 929 1368 955 annus

97 983 150 1022 ab
174 983 319 1022 officiis
342 983 559 1022 dimittet.'
619 988 660 1022 et
684 997 811 1035 quem
834 983 1009 1022 tandem
1032 982 1230 1034 longioris
1252 983 1369 1022 uitae

97 1050 295 1102 praedem
321 1050 474 1102 accipis
495 1050 509 1089 ?
579 1050 674 1102 quis
698 1051 781 1090 ista
806 1050 914 1090 sicut
940 1050 1128 1101 disponis
1154 1049 1211 1088 ire
1235 1050 1368 1101 patie-

42 1129 78 1162 15
97 1117 201 1156 tur?
262 1130 346 1156 non
375 1118 508 1168 pudet
536 1120 581 1157 te
608 1117 805 1169 reliquias
834 1117 949 1156 uitae
978 1117 1056 1156 tibi
1086 1130 1298 1156 reseruare
1327 1121 1368 1156 et

97 1184 140 1223 id
178 1184 314 1223 solum
352 1188 522 1236 tempus
559 1184 696 1224 bonae
734 1185 867 1224 menti
907 1184 1131 1230 destinare,
1172 1184 1287 1235 quod
1326 1184 1368 1223 in

97 1251 258 1290 nullam
287 1264 375 1290 rem
404 1251 583 1290 conferri
613 1252 781 1303 possit?
843 1264 973 1303 quam
1003 1264 1142 1290 serum
1173 1255 1235 1290 est
1266 1255 1369 1290 tunc

97 1318 239 1357 uiuere
255 1318 448 1370 incipere,
466 1331 563 1357 cum
580 1318 856 1358 desinendum
873 1319 953 1357 est!
1004 1331 1114 1369 quae
1130 1322 1221 1357 tarn
1237 1318 1371 1357 stulta

98 1385 373 1424 mortalitatis
400 1385 570 1432 obliuio,
600 1385 643 1425 in
670 1385 1068 1437 quinquagesimum
1095 1388 1137 1424 et
1164 1385 1369 1437 sexagesi-

39 1460 81 1483 20
98 1465 216 1491 mum
237 1465 396 1491 annum
417 1452 583 1492 differre
601 1465 705 1492 sana
723 1453 909 1499 consilia,
927 1457 969 1492 et
990 1452 1088 1491 inde
1107 1452 1214 1492 uelle
1235 1452 1371 1491 uitam

99 1519 307 1566 inchoare,
335 1532 419 1570 quo
444 1519 568 1571 pauci
592 1520 883 1572 perduxerunt
903 1519 910 1558 l

186 1595 229 1640 4.
291 1586 602 1626 Potentissimis
630 1591 671 1626 et
700 1587 742 1626 in
772 1587 907 1627 altum
929 1586 1108 1626 sublatis
1130 1586 1372 1625 hominibus
1396 1601 1409 1624 1

99 1653 289 1692 excidere
310 1666 435 1692 uoces
456 1653 632 1700 uidebis,
656 1654 811 1705 quibus
833 1654 970 1694 otium
992 1658 1155 1705 optent,
1180 1654 1368 1699 laudent,

99 1720 296 1759 omnibus
325 1719 447 1759 bonis
478 1720 563 1759 suis
592 1721 847 1772 praeferant.
908 1721 1085 1772 cupiunt
1118 1720 1287 1760 interim
1319 1733 1371 1758 ex

41 1793 81 1827 25
99 1786 170 1826 illo
196 1773 365 1838 fastigio
391 1799 479 1833 suo,
508 1787 541 1826 si
569 1791 665 1826 tuto
691 1788 829 1834 liceat,
858 1787 1136 1834 descendere;
1180 1799 1292 1833 nam,
1321 1790 1369 1825 ut

100 1853 203 1893 nihil
221 1857 343 1892 extra
359 1853 537 1893 lacessat
556 1858 631 1894 aut
648 1855 830 1906 quatiat,
851 1855 893 1894 in
912 1867 954 1894 se
972 1854 1064 1906 ipsa
1081 1855 1254 1894 fortuna
1271 1853 1368 1893 ruit.

100 1919 224 1959 diuus
244 1920 475 1971 Augustus,
498 1920 565 1960 cui
586 1921 643 1960 dii
663 1921 786 1973 plura
806 1935 936 1973 quam
957 1921 1029 1960 ulli
1050 1921 1368 1973 praestiterunt,
1394 1932 1412 1955 2

100 2000 185 2026 non
217 1987 341 2026 desiit
372 1987 560 2038 quietem
592 1987 670 2027 sibi
701 1988 862 2040 precari
894 1993 936 2028 et
969 1988 1238 2027 uacationem
1270 2000 1296 2026 a
1327 1999 1370 2025 re

100 2053 270 2105 publica
305 2058 476 2105 petere;
530 2055 666 2094 omnis
702 2055 791 2095 eius
827 2067 963 2095 sermo
1001 2055 1055 2093 ad
1092 2056 1171 2094 hoc
1207 2066 1371 2105 semper

172 2152 191 2179 8
215 2147 354 2190 aliquoi
371 2149 480 2186 Gertz,
501 2148 625 2191 aliquo
644 2149 672 2180 Α
751 2154 768 2180 9
794 2148 843 2180 sit
856 2149 902 2187 A,
920 2151 977 2180 est
996 2149 1199 2188 Wesenberg
1271 2151 1310 2178 14
1329 2149 1370 2178 tu

99 2204 179 2243 post
196 2201 293 2232 sicut
309 2202 389 2233 add.
410 2201 508 2234 Gertz
605 2206 643 2232 27
672 2202 936 2243 praestiterant
955 2201 1054 2233 Gertz
