1623 2444
536 24 623 60 AD
652 24 728 59 ΡΑ
745 24 985 59 ΡᾹΙΝἸᾸῙΙ
1348 34 1387 57 11

117 131 203 171 iam
251 132 337 171 ulla
385 132 489 171 hora
537 145 673 171 nouae
721 131 957 183 uoluptatis
1006 131 1138 182 possit
1189 131 1386 170 adferre?

117 198 261 238 omnia
285 203 399 245 nota,
421 199 565 238 omnia
590 200 643 238 ad
672 199 917 238 satietatem
942 202 1143 249 percepta
1167 202 1278 237 sunt.
1338 198 1390 236 de

116 269 255 305 cetero
288 266 390 305 Fors
423 266 624 310 Fortuna,
652 270 699 305 ut
731 266 859 312 uolet,
886 265 1080 304 ordinet:
1114 264 1207 303 uita
1237 265 1322 303 iam
1346 264 1389 303 in

117 336 213 372 tuto
248 337 324 372 est.
384 333 481 372 huic
516 333 623 372 adici
657 336 813 384 potest,
850 332 1017 371 detrahi
1052 331 1167 378 nihil,
1204 335 1246 370 et
1282 331 1388 370 adici

80 414 97 448 5
116 399 187 446 sic,
214 400 576 451 quemadmodum
601 404 746 439 saturo
771 400 857 438 iarn
883 412 930 438 ac
955 399 1080 450 pleno
1107 398 1267 449 aliquid
1292 398 1386 444 cibi,

116 466 233 517 quod
266 480 342 506 nec
377 467 588 506 desiderat
622 471 657 505 et
690 467 837 520 capit„
877 479 962 505 non
997 470 1059 505 est
1094 465 1240 516 itaque
1273 465 1389 516 quod
1414 478 1459 501 10

116 546 377 585 quemquam
394 538 568 585 propter
586 546 713 573 canos
733 538 805 572 aut
826 523 950 584 rugas
969 537 1093 584 putes
1112 532 1185 571 diu
1203 532 1358 571 uixisse
1378 544 1385 571 :

115 612 199 639 non
234 600 302 639 ille
335 601 408 640 diu
442 601 550 640 uixit
579 601 653 640 sed
681 600 754 640 diu
782 600 876 639 fuit.
936 600 1040 651 quid
1068 599 1180 638 enim
1208 599 1241 637 si
1270 599 1388 638 illum

115 667 299 711 multum
334 672 459 719 putes
495 668 728 719 nauigasse,
767 680 894 718 quem
930 680 1058 706 saeua
1094 670 1326 716 tempestas
1364 680 1388 705 a

59 751 97 773 10
114 738 242 786 portu
261 739 487 786 exceptum
507 735 589 773 huc
609 739 650 773 et
670 734 769 773 illuc
788 734 887 773 tulit
909 747 956 773 ac
976 733 1140 772 uicibus
1159 737 1387 771 uentorum

114 814 166 839 ex
185 801 350 841 diuerso
369 802 602 840 furentium
620 814 693 853 per
711 801 860 840 eadem
878 801 1018 852 spatia
1036 801 1078 839 in
1097 799 1243 838 orbem
1261 800 1345 851 egit
1366 800 1380 839 Ρ

114 880 198 907 non
225 868 292 907 ille
318 869 503 908 multum
529 868 749 920 nauigauit
776 868 850 907 sed
876 868 1061 906 multum
1093 867 1278 906 iactatus
1307 871 1383 906 est.

198 929 244 976 8.
305 935 446 974 Mirari
500 935 624 981 soleo,
681 948 778 974 cum
832 935 955 974 uideo
1011 935 1172 986 aliquos
1217 939 1386 985 tempus
1410 952 1424 975 1

113 1005 307 1053 petentes
333 1006 375 1041 et
403 1015 484 1048 eos,
513 1003 586 1054 qui
614 1006 827 1054 rogantur,
857 1001 1105 1048 facillimos;
1148 1001 1253 1041 illud
1272 1005 1383 1040 uter—

58 1085 93 1119 15
113 1080 195 1119 que
242 1073 420 1120 spectat,
470 1074 644 1121 propter
691 1069 835 1135 quod
854 1073 1024 1120 tempus
1072 1068 1257 1120 petitum
1306 1072 1382 1114 est,

0 1133 46 1186 ”ῗ”,
65 1154 96 1162 -
113 1135 252 1187 ipsum
292 1136 465 1187 quidem
505 1140 680 1175 neuter:
739 1127 859 1187 quasi
902 1136 1006 1174 nihil
1046 1136 1219 1187 petitur,
1263 1135 1383 1186 quasi

2 1189 21 1199 ’
114 1201 216 1241 nihil
241 1203 379 1242 datur.
439 1216 482 1242 re
505 1203 695 1242 omnium
719 1202 1021 1254 pretiosissima
1045 1203 1219 1242 luditur.
1275 1202 1384 1241 fallit

114 1273 258 1308 autern
280 1269 384 1316 illos,
410 1270 510 1322 quia
533 1283 597 1309 res
620 1270 892 1322 incorporalis
915 1274 991 1315 est,
1016 1269 1118 1320 quia
1139 1269 1218 1309 sub
1242 1269 1384 1308 oculos

113 1348 198 1375 non
222 1337 352 1383 uenit,
378 1337 557 1388 ideoque
580 1337 785 1376 uilissima
809 1336 1070 1382 aestimatur,
1096 1335 1226 1375 immo
1250 1348 1384 1387 paene

54 1417 95 1439 20
113 1402 277 1442 nullum
305 1404 393 1443 eius
419 1404 605 1456 pretium
633 1408 709 1443 est.
769 1417 923 1454 annua,
954 1403 1166 1454 congiaria
1193 1403 1383 1442 homines
1407 1420 1424 1443 2

113 1469 324 1509 carissime
355 1471 568 1522 accipiunt
599 1475 641 1510 et
671 1471 751 1510 illis
783 1475 857 1509 aut
887 1470 1075 1509 laborem
1106 1474 1180 1509 aut
1211 1482 1382 1521 operam

114 1540 189 1575 aut
207 1536 469 1588 diligentiam
485 1551 606 1577 suam
622 1538 764 1577 locant
785 1550 791 1576 :
827 1550 950 1576 nemo
968 1537 1166 1576 aestimat
1184 1541 1353 1588 tempus
1372 1549 1380 1582 ;

113 1606 295 1642 utuntur
318 1604 387 1643 illo
410 1605 547 1644 laxius
571 1604 692 1656 quasi
715 1604 915 1656 gratuito.
975 1608 1019 1642 at
1045 1604 1213 1643 eosdem
1238 1616 1382 1655 aegros

112 1669 222 1716 uide,
244 1670 278 1709 si
298 1671 446 1710 mortis
465 1671 698 1723 periculum
717 1671 891 1723 propius
911 1670 1133 1710 admotum
1153 1675 1229 1717 est,
1251 1670 1381 1709 medi-

55 1745 93 1779 25
111 1749 257 1776 corum
287 1750 425 1789 genua
456 1743 694 1790 tangentes:
719 1738 751 1778 si
784 1741 982 1777 metuunt
1013 1738 1194 1789 capitale
1224 1737 1381 1789 suppli-

111 1802 236 1850 cium,
280 1805 423 1844 omnia
464 1818 551 1851 sua,
596 1810 644 1844 ut
686 1805 850 1851 uiuant,
894 1808 1067 1856 paratos
1108 1804 1377 1856 impendere!

111 1873 236 1909 tanta
258 1870 301 1910 in
324 1871 403 1910 illis
426 1872 636 1911 discordia
659 1872 905 1911 adfectuum
929 1875 1004 1910 est.
1063 1870 1215 1922 quodsi
1238 1874 1380 1922 posset
1403 1881 1424 1916 3

111 1938 472 1987 quemadmodum
528 1939 854 1990 praeteritorum
912 1950 1119 1977 annorum
1177 1938 1380 1988 cuiusque

182 2048 200 2075 3
224 2043 300 2075 fors
310 2045 487 2081 Muretus,
504 2044 624 2076 foroA
692 2049 711 2076 6
735 2047 774 2076 et
786 2046 866 2076 add.
883 2044 1033 2085 Madvig
1098 2049 1136 2076 17
1151 2056 1188 2076 re
1202 2045 1379 2082 Muretus,

114 2107 169 2128 res
182 2097 210 2127 A
308 2100 346 2127 19
363 2095 539 2128 uilissime
556 2097 758 2137 Wesenberg
856 2101 893 2127 21
912 2096 982 2128 illis
995 2099 1062 2128 aut
1076 2097 1185 2133 Gertz,
1201 2096 1271 2128 inis
1288 2099 1331 2128 ut
1345 2096 1374 2127 A

113 2152 152 2179 24
169 2147 254 2179 uide
270 2147 316 2185 A,
336 2147 465 2179 uideas
481 2148 633 2189 Madvig
