1623 2444
543 94 629 130 AD
669 93 790 130 HEL
806 93 961 129 VJAM
1329 91 1374 135 87

111 208 267 244 tamen.
326 205 491 244 utinam
542 204 713 255 quidem
765 204 951 243 uirorum
1003 202 1201 254 optimus,
1256 204 1378 252 pater
1401 209 1423 241 4

111 284 242 317 meus,
268 271 407 311 minus
430 271 638 311 maiorum
662 270 956 310 consuetudini
982 270 1150 308 deditus
1175 268 1377 307 uoluisset

112 342 155 376 te
182 338 417 390 praeceptis
445 338 676 390 sapientiae
705 337 857 376 erudiri
886 336 1028 388 potius
1056 348 1186 387 quam
1214 334 1373 373 imbui!

113 417 197 443 non
227 405 464 456 parandum
494 405 572 444 tibi
603 418 714 444 nunc
745 408 851 443 esset
884 403 1087 443 auxilium
1118 406 1267 441 contra
1296 401 1378 439 for-

77 482 93 516 5
113 475 263 510 tunam
288 472 361 511 sed
385 472 696 524 proferendum.
754 476 926 523 propter
951 471 1065 516 istas,
1093 482 1202 520 quae
1226 468 1378 507 litteris

113 551 197 577 non
227 539 281 577 ad
309 539 560 590 sapientiam
590 543 771 578 utuntur
800 539 873 577 sed
902 538 956 576 ad
984 537 1195 576 luxuriam
1224 536 1378 575 instru-

112 609 255 652 untur,
272 606 411 645 minus
427 611 469 645 te
484 606 698 657 indulgere
713 605 863 645 studiis
878 618 1026 656 passus
1042 608 1117 643 est.
1176 602 1378 641 beneficio

114 676 257 711 tamen
273 673 436 724 rapacis
451 673 603 725 ingenii
620 673 714 724 plus
729 685 858 723 quam
874 685 949 723 pro
966 676 1155 722 tempore
1170 669 1348 709 hausisti
1369 681 1377 715 ;

113 738 226 778 iacta
248 744 346 779 sunt
371 740 685 791 disciplinarum
708 739 897 778 omnium
920 739 1201 777 fundamenta
1220 749 1227 775 :
1268 749 1380 775 nunc

58 820 96 843 10
115 806 169 845 ad
192 806 283 846 illas
307 811 514 846 reuertere
534 819 542 853 ;
584 810 724 846 tutam
748 811 791 845 te
814 806 1106 857 praestabunt.
1166 805 1259 842 illae
1284 817 1381 842 con·
1403 820 1422 857 5

114 873 376 920 solabuntur,
415 874 508 913 illae
545 874 831 919 delectabunt,
870 873 964 911 illae
1000 873 1033 911 si
1070 872 1183 910 bona
1219 871 1300 910 fide
1337 870 1379 909 in

115 940 303 979 animum
331 945 455 979 tuum
482 941 747 986 intrauerint,
778 953 1012 991 numquam
1042 939 1222 990 amplius
1250 938 1380 976 intra-

114 1007 177 1046 bit
210 1007 339 1053 dolor,
374 1021 608 1059 numquam
640 1007 889 1053 sollicitudo,
924 1019 1158 1057 numquam
1191 1005 1380 1044 adflicta-

115 1074 242 1113 tionis
259 1074 409 1113 inritae
426 1088 689 1126 superuacua
705 1074 876 1114 uexatio
895 1086 902 1113 :
931 1074 1032 1113 nulli
1048 1074 1198 1112 horum
1214 1072 1380 1124 patebit

59 1156 94 1191 15
114 1145 263 1192 pectus
288 1145 411 1180 tuum
431 1153 439 1187 ;
482 1155 581 1180 nam
607 1141 755 1180 ceteris
780 1141 895 1180 uitiis
920 1141 1004 1180 iam
1030 1140 1192 1192 pridem
1218 1140 1380 1178 clusum

115 1212 190 1247 est.
250 1208 352 1247 haec
380 1208 551 1260 quidem
579 1209 812 1248 certissima
838 1208 1046 1260 praesidia
1075 1211 1173 1246 sunt
1202 1211 1244 1245 et
1272 1219 1381 1257 quae

115 1275 204 1314 sola
227 1279 270 1314 te
294 1275 490 1314 fortunae
515 1275 671 1327 eripere
695 1275 869 1327 possint.

200 1336 272 1384 18.
334 1342 417 1381 Sed
444 1342 556 1393 quia,
587 1342 688 1381 dum
718 1342 760 1381 in
788 1343 905 1381 illum
933 1346 1117 1393 portum,
1148 1353 1274 1392 quem
1303 1339 1381 1378 tibi
1408 1358 1421 1380 1

116 1409 258 1448 studia
313 1409 584 1461 promittunt,
643 1409 848 1461 peruenis,
908 1408 1172 1448 adminiculis
1228 1407 1382 1459 quibus

57 1489 98 1512 20
116 1476 310 1515 innitaris
332 1489 438 1528 opus
460 1481 535 1522 est,
560 1477 656 1515 uolo
679 1477 846 1515 interim
869 1476 1023 1515 solacia
1046 1475 1123 1514 tibi
1146 1480 1222 1514 tua
1244 1479 1382 1513 osten-

117 1543 225 1582 dere.
284 1543 441 1595 respice
463 1543 614 1582 fratres
635 1556 763 1589 meos,
788 1543 941 1594 quibus
963 1543 1090 1582 saluis
1112 1543 1175 1581 fas
1198 1541 1275 1580 tibi
1298 1554 1382 1580 non

117 1614 180 1649 est
222 1623 417 1649 accusare
456 1611 684 1649 fortunam.
743 1610 786 1649 in
818 1614 999 1661 utroque
1030 1610 1161 1648 habes
1192 1609 1308 1660 quod
1340 1612 1383 1647 te
1406 1620 1424 1643 2

118 1677 284 1716 diuersa
304 1677 464 1717 uirtute
486 1677 665 1716 delectet
686 1689 693 1715 1
733 1677 838 1716 alter
860 1678 1037 1716 honores
1058 1676 1266 1716 industria
1286 1688 1383 1715 con-

118 1748 287 1783 secutus
324 1748 400 1787 est,
442 1744 547 1783 alter
585 1744 796 1795 sapienter
833 1744 1101 1795 contempsit.
1161 1743 1383 1794 adquiesce

58 1824 97 1858 25
119 1811 290 1850 alterius
304 1811 377 1849 filii
393 1811 613 1861 dignitate,
624 1811 795 1850 alterius
809 1811 963 1862 quiete,
973 1811 1193 1862 utriusque
1208 1810 1380 1862 pietate.

119 1878 217 1917 noui
240 1878 420 1916 fratrum
443 1891 633 1917 meorum
655 1878 827 1917 intimos
851 1878 1043 1917 adfectus
1063 1890 1070 1916 :
1112 1878 1217 1916 alter
1239 1878 1282 1916 in
1305 1878 1383 1916 hoc

119 1945 370 1996 dignitatem
387 1945 552 1991 excolit,
570 1949 619 1984 ut
639 1945 717 1983 tibi
737 1949 986 1984 ornamento
1006 1945 1059 1984 sit
1079 1957 1087 1990 ;
1122 1945 1228 1984 alter
1242 1944 1285 1983 in
1304 1945 1383 1983 hoc

119 2025 161 2050 se
189 2012 243 2050 ad
268 2011 542 2063 tranquillam
568 2011 842 2063 quietamque
867 2012 1003 2051 uitam
1031 2012 1200 2063 recepit,
1229 2016 1277 2051 ut
1305 2011 1383 2050 tibi

118 2083 254 2118 uacet.
334 2079 440 2117 bene
462 2078 615 2117 liberos
638 2083 734 2118 tuos
758 2083 798 2118 et
823 2079 865 2117 in
890 2079 1093 2117 auxilium
1117 2083 1158 2117 et
1182 2079 1225 2117 in
1249 2078 1385 2117 oblec-
1407 2092 1427 2127 3

59 2161 101 2193 30
118 2149 359 2185 tamentum
379 2146 551 2184 fortuna
571 2145 777 2197 disposuit
798 2158 806 2184 ς
843 2150 965 2197 potes
986 2146 1157 2184 alterius
1177 2145 1385 2197 dignitate

383 2226 401 2254 8
426 2222 568 2264 rapacis
585 2221 614 2252 A
624 2248 631 2259 ,
651 2223 796 2264 capacis
813 2226 933 2255 temere
952 2223 1127 2255 Schultess
