1623 2444
201 73 222 108 6
707 73 943 111 SENECA

199 182 417 222 reuolutus
445 186 521 229 est,
552 187 601 222 ut
630 187 817 234 speraret
847 183 984 222 otium
1005 195 1014 230 ;
1059 183 1138 222 hoc
1166 182 1331 222 labores
1359 196 1470 230 suos,

198 249 364 289 etiamsi
411 249 530 296 falso,
572 250 683 289 dulci
722 254 867 289 tamen
906 250 1149 289 oblectabat
1190 249 1357 295 solacio,
1399 249 1473 289 ali-

157 328 178 364 3
199 317 371 367 quando
406 329 449 355 se
483 317 698 356 uicturum
733 317 824 356 sibi.
884 317 926 355 in
962 317 1150 368 quadam
1186 317 1237 355 ad
1274 320 1472 356 senatum

199 383 327 422 missa
353 383 546 435 epistula,
576 397 673 423 cum
700 384 887 435 requiem
914 397 1036 423 suam
1063 396 1147 422 non
1174 396 1356 422 uacuam
1382 383 1471 422 fore

199 450 420 501 dignitatis
446 463 521 489 nec
549 464 574 489 a
599 451 736 502 priore
762 451 893 502 gloria
920 451 1231 502 discrepantem
1258 450 1471 502 pollicitus
1493 462 1510 494 5

199 521 320 563 esset,
355 517 458 556 haec
490 517 621 556 uerba
652 518 822 556 inueni:
874 517 882 531 ‘
904 518 977 556 sed
1009 517 1092 556 ista
1123 517 1211 556 fieri
1244 517 1471 568 speciosius

199 597 330 635 quam
355 584 548 635 promitti
574 588 763 636 possunt.
824 597 891 623 me
917 588 1061 623 tamen
1087 584 1242 635 cupido
1268 583 1471 635 temporis

200 651 455 703 optatissimi
480 652 583 690 mihi
607 652 817 703 prouexit,
840 656 902 697 ut,
924 651 1128 702 quoniam
1147 664 1287 689 rerum
1306 650 1471 689 laetitia

201 722 391 757 moratur
430 719 580 764 adhuc,
621 719 905 770 praeciperem
946 718 1105 769 aliquid
1144 717 1380 769 uoluptatis
1419 730 1471 756 ex
1524 767 1527 771 ¹

157 785 427 828 4uerborum
460 785 706 824 dulcedine.'
766 789 890 824 tanta
922 785 1014 824 uisa
1046 788 1108 824 est
1141 797 1206 823 res
1238 784 1387 830 otium,
1422 788 1471 823 ut
1496 797 1534 819 10

200 852 327 898 illam,
352 852 453 903 quia
474 865 550 891 usu
576 865 661 891 non
682 855 864 903 poterat,
889 852 1146 903 cogitatione
1168 854 1468 903 praesumeret.

200 919 273 970 qui
291 919 434 958 omnia
450 919 625 958 uidebat
644 932 695 958 ex
714 932 756 957 se
774 932 858 957 uno
876 918 1118 970 pendentia,
1139 918 1211 969 qui
1230 917 1472 957 hominibus

199 986 481 1037 gentibusque
509 986 726 1025 fortunam
754 985 899 1031 dabat,
930 986 1049 1024 illum
1077 985 1188 1024 diem
1216 985 1472 1024 laetissimus

200 1053 430 1105 cogitabat,
459 1066 544 1104 quo
568 1053 910 1104 magnitudinem
935 1065 1056 1091 suam
1083 1055 1267 1090 exueret.
1326 1064 1472 1102 exper-

201 1124 271 1159 tus
290 1124 393 1166 erat,
415 1124 626 1171 quantum
646 1120 717 1158 illa
734 1119 848 1158 bona
866 1132 940 1171 per
959 1119 1095 1157 omnis
1114 1123 1247 1157 terras
1266 1118 1473 1169 fulgentia
1497 1132 1532 1164 15

201 1187 364 1226 sudoris
412 1187 707 1238 exprimerent,
754 1190 965 1237 quantum
1013 1186 1275 1224 occultarum
1321 1184 1472 1224 sollici-

159 1263 178 1301 5
201 1254 400 1298 tudinum
421 1258 623 1305 tegerent.
683 1266 779 1292 cum
800 1253 963 1292 ciuibus
984 1253 1180 1304 primum,
1204 1252 1355 1291 deinde
1375 1264 1472 1291 cum

200 1321 379 1372 collegis,
429 1321 655 1360 nouissime
706 1333 802 1360 cum
855 1320 1078 1365 adfinibus,
1127 1323 1299 1358 coactus
1347 1318 1473 1358 armis

202 1388 434 1434 decernere,
455 1388 561 1427 mari
581 1392 777 1438 terraque
795 1387 1043 1438 sanguinem
1061 1387 1185 1425 fudit.
1244 1398 1318 1437 per
1337 1387 1472 1424 Mace-

201 1455 386 1501 doniam,
426 1455 622 1501 Siciliam,
662 1455 919 1506 Aegyptum,
959 1453 1125 1505 Syriam
1162 1453 1392 1503 Asiamque
1429 1456 1471 1491 et
1495 1468 1534 1490 20

202 1522 338 1561 omnis
367 1535 498 1574 prope
529 1535 622 1560 oras
652 1521 761 1560 bello
792 1521 1084 1566 circumactus,
1119 1521 1315 1558 Romana
1345 1519 1472 1558 caede

201 1589 332 1628 lassos
373 1589 581 1628 exercitus
624 1589 678 1627 ad
719 1592 894 1627 externa
935 1587 1045 1626 bella
1085 1586 1309 1625 conuertit.
1370 1586 1472 1624 dum

202 1656 329 1708 Alpes
368 1660 495 1707 pacat
535 1655 837 1705 immixtosque
877 1654 1040 1693 mediae
1080 1653 1173 1705 paci
1215 1657 1256 1692 et
1296 1647 1509 1704 imperio*

204 1723 345 1762 hostes
369 1723 605 1774 perdomat,
632 1722 735 1761 dum
760 1722 826 1760 uel
851 1721 963 1760 ultra
989 1721 1187 1759 Rhenum
1212 1724 1253 1759 et
1279 1720 1472 1771 Euphra-

203 1794 274 1829 ten
320 1793 361 1829 et
406 1789 653 1828 Danuuium
697 1788 898 1828 terminos
942 1791 1099 1833 mouet,
1146 1787 1188 1826 in
1233 1777 1325 1838 ipsa
1367 1786 1472 1825 urbe
1494 1794 1532 1827 25

204 1857 414 1903 Murenae,
444 1856 676 1908 Caepionis,
707 1855 867 1907 Lepidi,
898 1854 1067 1906 Egnati,
1099 1854 1277 1892 aliorum
1304 1853 1347 1892 in
1375 1865 1472 1892 eum

161 1929 182 1965 6
205 1936 423 1963 mucrones
480 1923 753 1962 acuebantur.
813 1922 1003 1960 nondum
1059 1921 1211 1960 horum
1267 1920 1471 1971 effugerat

203 1990 402 2030 insidias:
449 1990 535 2028 filia
563 1994 604 2028 et
633 1993 699 2028 tot
729 1988 888 2028 nobiles
916 1989 1089 2027 iuuenes
1118 1987 1325 2026 adulterio
1354 1986 1472 2026 uelut

203 2061 469 2097 sacramento
510 2056 650 2095 adacti
691 2056 775 2094 iam
815 2055 1040 2094 infractam
1082 2058 1267 2093 aetatem
1307 2047 1473 2092 territa-

278 2152 296 2179 8
314 2148 385 2179 huc
400 2151 479 2189 post
497 2146 587 2178 mihi
604 2148 684 2179 add.
703 2146 802 2178 Gertz
817 2156 822 2176 :
854 2146 976 2177 malim
995 2155 1037 2176 eo
1053 2148 1133 2186 post
1150 2147 1275 2175 tamen
1329 2147 1369 2174 24
1385 2143 1473 2174 dum

206 2200 265 2232 uel
280 2200 389 2237 Gertz,
408 2200 453 2231 du
473 2201 516 2231 ut
532 2199 561 2229 Α
666 2203 705 2230 26
723 2197 871 2239 Egnati,
894 2198 1049 2229 aliorum
1066 2197 1176 2233 Gertz,
1193 2195 1426 2237 egnatiorum
1440 2194 1467 2225 A
