1623 2444
570 76 656 111 Al)
699 75 818 111 HEL
834 75 926 111 VIA
936 75 984 111 M
1356 76 1405 122 89

141 183 324 222 remedio
340 183 418 221 erit
439 195 446 229 余
480 195 563 221 non
580 186 721 234 potest
738 181 848 221 enim
866 182 1053 221 animum
1069 182 1136 234 pie
1152 182 1365 221 dolentem
1383 196 1407 221 a

140 249 420 290 sollicitudine
444 254 632 288 auertere
657 249 733 288 nisi
758 252 832 288 aut
856 249 963 288 ratio
988 254 1061 288 aut
1085 250 1264 288 honesta
1285 262 1406 288 occu-

139 316 269 368 patio.
329 329 593 355 numerarem
619 316 728 355 inter
752 328 908 367 magna
933 316 1086 355 solacia
1111 320 1276 368 patrem
1303 329 1405 367 quo-
1427 333 1449 368 9

139 397 220 435 que
264 387 399 429 tuum,
443 383 520 422 nisi
562 383 755 429 abesset余
812 396 924 422 nunc
962 388 1106 422 tamen
1144 396 1195 422 ex
1235 383 1406 422 adfectu

101 454 226 500 5tuo,
263 450 335 501 qui
371 450 480 489 illius
515 450 556 489 in
592 454 635 489 te
669 450 723 489 sit
759 450 924 502 cogita:
977 450 1205 501 intelleges,
1242 454 1405 501 quanto

138 517 289 556 iustius
305 517 359 556 sit
377 521 420 556 te
436 517 493 555 illi
511 516 667 556 seruari
684 530 813 568 quam
831 517 933 556 mihi
950 517 1149 568 impendi.
1209 517 1406 568 quotiens

138 588 180 622 te
204 584 415 623 inmodica
439 584 503 623 uis
531 583 684 623 doloris
708 584 909 623 inuaserit
935 588 976 623 et
1009 584 1126 635 sequi
1151 597 1194 623 se
1226 584 1402 630 iubebit,

137 655 303 702 patrem
336 651 501 702 cogita!
562 651 627 689 cui
662 655 710 689 tu
743 651 914 702 quidem
948 655 1014 689 tot
1048 655 1223 702 nepotes
1256 664 1405 703 prone-

137 721 342 769 potesque
357 718 498 757 dando
514 717 701 763 effecisti,
719 731 770 757 ne
785 718 910 757 unica
925 731 1034 757 esses
1054 730 1060 756 :
1094 718 1404 757 consummatio

82 799 119 821 10
137 788 281 823 tamen
306 784 459 823 aetatis
483 788 603 823 actae
627 784 802 824 feliciter
825 785 867 824 in
891 788 934 824 te
957 785 1151 824 uertitur.
1211 785 1404 824 illouiuo

138 852 255 890 nefas
282 856 344 890 est
371 855 426 897 te,
455 852 569 902 quod
595 851 762 898 uixeris,
790 851 920 903 queri.

221 926 294 971 19.
355 918 587 957 Maximum
613 918 750 957 adhuc
783 918 983 958 solacium
1016 923 1139 957 tuum
1173 923 1402 965 tacueram,

136 998 320 1024 sororem
344 989 477 1031 tuam,
501 985 604 1024 illud
626 985 915 1025 fidelissimum
938 985 1016 1024 tibi
1039 990 1199 1036 pectus,
1224 986 1266 1025 in
1290 987 1405 1037 quod

137 1065 282 1091 omnes
314 1065 437 1091 curae
470 1056 569 1091 tuae
602 1065 678 1103 pro
711 1052 891 1091 indiuiso
925 1053 1250 1098 transferuntur,
1286 1053 1403 1093 illum

81 1132 117 1165 15
138 1118 326 1158 animum
371 1119 567 1158 omnibus
611 1119 732 1158 nobis
776 1124 1031 1159 maternum.
1089 1133 1186 1159 cum
1231 1121 1310 1159 hac
1355 1125 1405 1160 tu

136 1185 329 1224 lacrimas
362 1190 458 1225 tuas
490 1185 707 1232 miscuisti,
742 1186 784 1225 in
818 1186 941 1225 huius
972 1186 1156 1238 primum
1190 1187 1403 1239 respirasti

135 1252 241 1291 sinu.
301 1252 371 1291 illa
407 1252 579 1304 quidem
619 1253 810 1292 adfectus
847 1257 945 1292 tuos
982 1266 1146 1305 semper
1183 1254 1401 1305 sequitur:

136 1318 177 1358 in
195 1332 289 1358 mea
306 1323 450 1358 tamen
467 1332 646 1371 persona
663 1333 746 1358 non
764 1324 936 1359 tantum
953 1333 1029 1372 pro
1047 1325 1089 1359 te
1107 1320 1234 1360 dolet.
1294 1321 1403 1360 illius

134 1386 332 1425 manibus
363 1386 406 1425 in
438 1386 585 1425 urbem
618 1387 805 1438 perlatus
830 1400 936 1434 sum,
964 1387 1073 1426 illius
1097 1387 1166 1439 pio
1191 1392 1403 1428 materno-

75 1464 117 1486 20
135 1466 216 1504 que
240 1453 420 1492 nutricio
443 1466 517 1505 per
538 1453 710 1505 longum
733 1457 902 1505 tempus
926 1467 1047 1505 aeger
1068 1455 1264 1494 conualui
1284 1467 1293 1501 余
1333 1455 1404 1494 illa

134 1532 209 1571 pro
225 1524 455 1571 quaestura
470 1533 565 1559 mea
580 1520 761 1572 gratiam
779 1534 899 1559 suam
917 1521 1109 1560 extendit
1120 1534 1129 1569 余
1153 1526 1208 1568 et,
1225 1535 1334 1573 quae
1351 1536 1403 1561 ne

135 1587 336 1626 sermonis
379 1587 551 1638 quidem
596 1591 669 1626 aut
713 1587 848 1626 clarae
891 1588 1159 1628 salutationis
1201 1589 1403 1629 sustinuit

136 1653 370 1700 audaciam,
414 1667 489 1705 pro
531 1667 598 1693 me
640 1654 742 1693 uicit
786 1654 1048 1706 indulgentia
1089 1657 1401 1696 uerecundiam.

135 1720 237 1759 nihil
278 1720 335 1759 illi
373 1721 595 1760 seductum
633 1721 747 1760 uitae
788 1734 931 1772 genus,
971 1721 1073 1761 nihil
1114 1723 1324 1762 modestia
1360 1724 1403 1763 in

76 1806 113 1838 25
135 1791 258 1826 tanta
307 1788 560 1826 feminarum
609 1788 849 1839 petulantia
897 1789 1067 1835 rustica,
1118 1790 1220 1828 nihil
1269 1790 1400 1841 quies,

134 1854 236 1893 nihil
270 1854 417 1893 secreti
451 1858 492 1893 et
528 1855 581 1893 ad
615 1855 750 1893 otium
780 1855 951 1906 repositi
980 1869 1115 1894 mores
1144 1857 1402 1896 obstiterunt

1430 936 1444 959 I

134 1934 218 1972 quo
246 1921 386 1960 minus
413 1934 489 1973 pro
518 1934 584 1960 me
613 1922 742 1960 etiam
772 1922 998 1961 ambitiosa
1026 1923 1156 1962 fieret.
1216 1925 1295 1963 hoc
1324 1928 1400 1970 est,
1423 1938 1444 1973 3

133 1992 270 2026 mater
312 1987 538 2034 carissima,
584 1988 785 2027 solacium
829 2001 914 2039 quo
958 1989 1181 2029 reficiaris:
1242 1990 1300 2029 illi
1344 1995 1400 2037 te,

133 2058 342 2105 quantum
382 2058 516 2106 potes,
554 2054 689 2106 iunge,
728 2055 837 2094 illius
879 2055 1098 2095 artissimis
1136 2057 1402 2109 amplexibus

74 2139 115 2171 30
135 2121 269 2173 alliga.
339 2121 473 2160 solent
508 2126 744 2160 maerentes
777 2135 827 2160 ea
860 2135 969 2173 quae
1002 2123 1187 2162 maxime
1221 2124 1402 2176 diligunt

222 2204 240 2231 5
267 2199 331 2241 qui
347 2199 479 2236 Haase,
499 2199 582 2242 quis
600 2199 628 2229 A
746 2204 784 2231 12
811 2203 925 2237 taceo,
946 2203 1182 2232 materteram
1201 2202 1299 2234 Gertz
