1623 2444
170 65 218 113 58
681 65 920 102 SENECA

168 187 211 213 se
238 174 279 213 in
307 175 508 214 solacium
534 179 657 214 tuum
684 176 886 214 conferat.
946 178 987 213 et
1014 178 1158 214 tamen
1185 174 1355 227 dispice,
1384 187 1436 213 ne

1619 211 1621 225 Ι

170 242 248 280 hoc
286 242 370 280 iarn
408 255 576 293 quoque
615 243 753 293 ipsum
791 242 843 281 sit
884 255 1193 293 superuacuum
1212 254 1221 288 ;
1277 234 1458 292 aliquid.v
1484 261 1623 286 a...

170 308 281 347 enim
304 322 328 347 a
349 309 469 348 nobis
490 313 643 348 natura
664 309 806 360 exigit,
829 309 923 360 plus
943 309 1135 347 uanitate
1156 308 1433 347 contrahitur.

130 389 405 426 5numquam
448 380 590 414 autern
633 389 708 427 ego
750 390 774 415 a
815 380 870 421 te,
915 389 965 414 ne
1007 389 1058 414 ex
1100 379 1193 414 toto
1234 388 1434 420 maereas,

172 443 349 493 exigam.
409 447 450 481 et
472 443 556 481 scio
577 443 753 482 inueniri
775 443 982 493 quosdam
1004 443 1133 481 durae
1153 442 1287 493 magis
1307 454 1436 493 quam
1458 458 1474 490 5

173 509 293 548 fortis
330 510 580 561 prudentiae
617 510 741 556 uiros,
781 509 853 560 qui
891 514 1043 561 negent
1081 509 1312 548 doliturum
1350 521 1438 547 esse

172 576 407 627 sapientem
428 589 434 614 :
471 576 512 614 hi
530 589 614 615 non
632 577 830 615 uidentur
847 576 949 615 mihi
967 589 1156 627 unquam
1174 576 1216 614 in
1234 574 1438 614 eiusmodi

173 656 317 682 casum
363 643 568 689 incidisse,
618 643 802 694 alioquin
849 643 1097 682 excussisset
1144 643 1222 681 illis
1268 642 1440 681 fortuna

173 710 398 761 superbam
435 710 699 761 sapientiam,
738 715 779 749 et
818 710 870 748 ad
906 709 1210 749 confessionem
1247 722 1316 748 eos
1351 708 1439 748 ueri

130 777 303 818 6etiam
342 777 498 815 inuitos
537 777 819 828 compulisset.
879 777 982 815 satis
1019 776 1278 828 praestiterit
1317 775 1438 821 ratio,

174 843 207 882 si
236 844 279 882 id
306 857 438 882 unum
467 857 518 882 ex
547 844 700 890 dolore,
731 844 846 895 quod
874 848 915 882 et
944 848 1133 895 superest
1162 847 1203 882 et
1234 842 1438 888 abundat,

175 911 403 949 exciderit:
468 915 516 949 ut
564 911 735 962 quidem
783 911 944 949 nullum
992 910 1163 949 omnino
1211 922 1298 948 esse
1345 921 1441 948 eum

174 978 377 1030 patiatur,
402 990 475 1016 nec
497 978 752 1029 sperandum
772 977 844 1016 ulli
867 990 941 1016 nec
961 977 1343 1028 concupiscendum
1364 979 1440 1014 est.

176 1045 288 1083 hunc
313 1044 456 1096 potius
481 1045 656 1083 modurn
682 1048 833 1090 seruet,
862 1044 933 1095 qui
961 1057 1035 1082 nec
1061 1044 1326 1095 impietatem
1352 1042 1443 1081 imi-

177 1115 292 1150 tetur
314 1124 389 1150 nec
411 1112 632 1157 insaniam,
657 1115 698 1150 et
721 1124 796 1150 nos
818 1111 860 1149 in
883 1124 930 1150 eo
953 1115 1096 1149 teneat
1119 1110 1282 1156 habitu,
1306 1109 1378 1161 qui
1401 1113 1443 1147 et

177 1179 271 1230 piae
312 1178 467 1217 mentis
509 1183 570 1217 est
613 1191 688 1217 nec
729 1182 883 1226 motae.
942 1178 1077 1216 fluant
1119 1177 1348 1223 lacrimae,.
1372 1175 1445 1215 sed

179 1245 351 1284 eaedem
396 1249 438 1284 et
484 1245 707 1291 desinant;
770 1245 995 1284 trahantur
1040 1257 1090 1283 ex
1136 1244 1220 1282 imo
1264 1243 1447 1295 gemitus

180 1316 362 1364 pectore,
403 1312 476 1351 sed
514 1312 625 1350 idem
665 1316 706 1350 et
745 1312 947 1351 finiantur
966 1324 974 1358 ;
1030 1311 1087 1350 sic
1125 1323 1219 1362 rege
1258 1310 1447 1349 animum

181 1384 317 1426 tuum,
343 1382 390 1418 ut
415 1383 456 1417 et
480 1379 742 1430 sapientibus
765 1382 807 1417 te
831 1378 1065 1430 adprobare
1087 1378 1220 1429 possis
1243 1382 1285 1416 et
1309 1376 1448 1415 fratri-

141 1457 157 1493 7
181 1446 273 1485 bus.
333 1446 447 1485 effice
481 1450 529 1484 ut
564 1446 806 1496 frequenter
835 1445 976 1483 fratris
1004 1445 1066 1483 tui
1094 1444 1341 1483 memoriam
1370 1442 1449 1482 tibi

182 1513 286 1552 uelis
321 1526 547 1558 occurrere,
579 1516 627 1551 ut
664 1512 781 1551 illum
817 1516 858 1551 et
895 1511 1157 1550 sermonibus
1189 1510 1371 1550 celebres
1407 1513 1448 1548 et

185 1580 362 1618 adsidua
411 1579 700 1618 recordatione
749 1583 1034 1630 repraesentes
1083 1578 1174 1623 tibi,
1225 1577 1340 1628 quod
1389 1576 1450 1615 ita

184 1647 355 1685 demum
402 1646 600 1697 consequi
647 1646 816 1697 poteris,
865 1646 898 1684 si
945 1645 1023 1684 tibi
1069 1645 1316 1683 memoriam
1363 1643 1451 1682 eius

185 1714 413 1752 iucundam
438 1713 572 1764 magis
597 1726 725 1764 quarn
750 1712 931 1751 flebilem
957 1712 1102 1750 feceris
1121 1724 1129 1758 ;
1170 1710 1363 1750 naturale
1387 1713 1450 1749 est

186 1781 297 1819 enim
325 1785 372 1819 ut
400 1793 563 1831 semper
591 1780 756 1818 animus
778 1779 831 1818 ab
854 1792 902 1817 eo
924 1779 1117 1830 refugiat,
1143 1778 1197 1817 ad
1218 1778 1333 1829 quod
1355 1789 1451 1816 cum

144 1854 165 1888 8
187 1847 362 1886 tristitia
385 1847 622 1886 reuertitur.
682 1846 822 1897 cogita
844 1846 1096 1884 modestiam
1121 1845 1221 1891 eius,
1247 1844 1387 1895 cogita
1410 1844 1453 1882 in

188 1914 312 1953 rebus
340 1914 512 1965 agendis
539 1913 780 1959 sollertiam,
811 1913 853 1951 in
882 1912 1159 1963 exsequendis
1184 1910 1451 1956 industriam,

187 1981 230 2020 in
254 1981 469 2032 promissis
493 1980 791 2019 constantiam.
850 1979 993 2018 omnia
1017 1979 1132 2017 dicta
1156 1978 1243 2017 eius
1268 1991 1316 2017 ac
1340 1978 1455 2016 facta

188 2052 230 2086 et
265 2048 355 2086 aliis
388 2060 550 2099 expone
584 2051 625 2086 et
659 2046 826 2085 tibimet
861 2046 947 2097 ipse
980 2058 1260 2084 conmemora.
1319 2043 1469 2095 qualis

257 2145 274 2171 3
293 2140 427 2171 doloris
450 2143 529 2171 ante
555 2142 689 2171 natura
713 2141 792 2171 add.
815 2140 913 2171 Gerlc
1005 2142 1043 2169 16
1071 2141 1195 2169 motae
1215 2136 1312 2167 DEG
1324 2137 1362 2172 V,
1384 2146 1454 2167 ras.

190 2193 228 2224 in
251 2192 294 2230 A,
315 2195 460 2223 emotae
478 2192 678 2223 Pincianus

1464 789 1501 810 10

1468 1124 1503 1156 ¹5

1470 1456 1510 1479 20

1610 284 1623 332 'l

1619 337 1623 357 ι

1618 455 1623 465 i

1619 467 1623 492 Ξ
