1623 2444
524 69 611 104 AD
651 68 774 104 HEL
790 66 943 103 VJAM
1314 77 1357 111 91

93 192 261 218 omnem
278 179 503 218 uerborum
520 178 734 217 licentiam
752 178 962 217 continuit
981 181 1022 216 et
1041 178 1165 216 hodie
1183 176 1363 216 similem

93 246 163 292 illi,
180 246 375 297 quamuis
389 259 623 297 numquam
638 249 788 296 speret,
806 258 969 295 semper
983 248 1118 295 optat.
1178 244 1363 283 multum

94 317 196 359 erat,
215 313 247 351 si
264 326 337 364 per
353 313 455 352 XVI
474 326 606 351 annos
622 312 736 350 illam
752 311 971 363 prouincia
985 311 1206 362 probasset
1227 323 1234 349 :
1268 311 1364 362 plus

94 385 169 426 est,
196 380 312 431 quod
336 380 559 431 ignorauit.
620 380 722 417 haec
746 391 830 417 non
854 378 948 417 ideo
973 378 1118 424 refero,
1144 382 1193 417 ut
1217 377 1364 416 laudes
1387 383 1403 419 7

56 459 74 492 5
95 447 181 486 eius
222 460 438 498 exsequar,
480 459 586 497 quas
627 445 964 484 circumscribere
1005 449 1067 484 est
1108 449 1198 484 tam
1238 457 1363 496 parce

96 518 392 559 transcurrere,
439 514 512 552 sed
560 518 608 552 ut
652 513 870 563 intellegas
912 512 1055 563 magni
1103 511 1232 550 animi
1277 524 1364 550 esse

94 580 308 626 feminam,
341 594 470 631 quam
503 594 586 618 non
620 579 808 625 ambitio,
843 592 927 617 non
960 578 1153 623 auaritia,
1187 579 1364 617 comites

95 648 230 686 omnis
250 648 467 699 potentiae
488 652 528 686 et
550 651 701 698 pestes,
724 646 929 691 uicerunt,
952 659 1036 684 non
1056 650 1196 684 metus
1215 645 1364 684 mortis

95 715 179 753 iam
222 718 442 753 exarmata
483 727 590 752 naue
628 713 895 764 naufragium
938 726 1061 751 suum
1098 716 1364 763 spectantem

41 797 78 818 10
96 782 312 827 deterruit,
339 794 423 832 quo
447 781 586 819 minus
609 780 792 819 exanimi
817 779 907 818 uiro
932 780 1106 818 haerens
1130 793 1214 818 non
1238 792 1365 830 quae-

96 853 217 894 reret,
244 848 605 899 quemadmodum
626 848 722 886 inde
748 847 879 885 exiret
905 847 978 885 sed
1003 846 1365 897 quemadmodum

96 915 273 954 efferret.
333 915 430 954 huic
468 927 613 966 parem
652 914 857 953 uirtutem
891 914 1090 952 exhibeas
1124 917 1292 965 oportet
1324 917 1365 951 et

96 983 285 1021 animum
311 996 335 1021 a
358 982 476 1020 luctu
502 981 676 1032 recipias
702 986 743 1019 et
770 981 812 1019 id
838 994 949 1031 agas,
978 994 1029 1019 ne
1054 980 1148 1031 quis
1174 984 1216 1019 te
1241 984 1366 1031 putet

98 1053 247 1101 partus
274 1049 337 1088 tui
363 1049 589 1100 paenitere.

39 1127 76 1162 15
178 1124 250 1157 20.
313 1116 508 1155 Ceterum
529 1115 629 1166 quia
649 1128 814 1154 necesse
835 1118 910 1159 est,
929 1128 1024 1153 cum
1046 1113 1188 1153 omnia
1208 1114 1366 1160 feceris,
1392 1125 1405 1148 1

96 1183 374 1235 cogitationes
398 1187 541 1221 tamen
566 1187 662 1221 tuas
686 1182 864 1221 subinde
890 1182 943 1220 ad
966 1195 1033 1220 me
1057 1194 1266 1220 recurrere
1290 1194 1366 1220 nec

97 1263 355 1301 quemquam
403 1263 513 1288 nunc
561 1263 612 1288 ex
659 1249 798 1288 liberis
846 1249 930 1287 tuis
978 1248 1240 1299 frequentius
1288 1248 1367 1287 tibi

97 1317 323 1363 obuersari,
364 1330 447 1355 non
486 1317 586 1368 quia
624 1316 681 1354 illi
719 1316 859 1355 minus
897 1315 980 1354 cari
1019 1320 1118 1354 sunt
1157 1315 1230 1354 sed
1268 1315 1369 1366 quia

98 1385 290 1423 naturale
308 1388 371 1423 est
388 1397 563 1422 manum
581 1383 746 1434 saepius
765 1383 818 1422 ad
836 1383 878 1421 id
895 1383 1045 1421 referre
1071 1382 1185 1433 quod
1211 1382 1365 1427 doleat,

40 1467 80 1489 20
98 1452 267 1502 qualem
294 1464 360 1490 me
387 1451 544 1502 cogites
573 1450 740 1502 accipe:
785 1450 946 1488 laetum
973 1454 1014 1488 et
1043 1449 1223 1488 alacrem
1250 1449 1367 1488 uelut

99 1518 271 1570 optimis
294 1518 430 1556 rebus.
490 1522 589 1556 sunt
614 1518 725 1556 enim
750 1517 948 1568 optimae,
976 1516 1177 1567 quoniam
1203 1516 1369 1555 animus

100 1585 236 1624 omnis
274 1584 563 1636 occupationis
602 1597 749 1636 expers
788 1584 984 1634 operibus
1023 1583 1107 1622 suis
1145 1587 1285 1629 uacat,
1326 1586 1368 1621 et

100 1653 226 1691 modo
245 1665 288 1691 se
306 1651 533 1690 leuioribus
551 1652 702 1690 studiis
721 1651 920 1695 oblectat,
942 1650 1068 1689 modo
1089 1650 1143 1688 ad
1161 1650 1370 1689 consider-

100 1719 256 1758 andam
272 1732 392 1758 suam
408 1718 675 1769 uniuersique
692 1722 890 1757 naturam
906 1717 993 1756 ueri
1010 1717 1160 1756 auidus
1176 1716 1367 1768 insurgit.

40 1805 79 1837 25
100 1790 234 1825 terras
259 1786 443 1837 primum
468 1785 682 1836 situmque
709 1798 853 1823 earum
882 1784 1063 1835 quaerit,
1091 1784 1243 1822 deinde
1272 1797 1370 1823 con·
1394 1802 1409 1824 2

99 1853 307 1891 dicionem
332 1852 571 1891 circumfusi
597 1852 724 1890 maris
750 1864 979 1901 cursusque
1004 1851 1091 1889 eius
1118 1851 1301 1889 alternos
1326 1854 1368 1889 et

100 1932 303 1958 recursus.
342 1923 456 1964 tunc,
489 1919 697 1970 quidquid
722 1919 831 1957 inter
861 1919 1024 1957 caelum
1047 1921 1263 1968 terrasque
1284 1917 1369 1969 ple-

100 1999 203 2025 num
220 1986 454 2025 formidinis
467 1985 699 2032 interiacet,
724 1985 935 2037 perspicit,
955 1989 995 2023 et
1022 1985 1101 2023 hoe
1125 1984 1367 2030 tonitribus,

101 2053 359 2099 fulminibus,
387 2056 613 2091 uentorum
637 2052 810 2091 flatibus
836 2065 883 2090 ac
910 2051 1150 2090 nimborum
1176 2051 1370 2102 niuisque

253 2193 270 2220 9
298 2190 371 2220 iarn
389 2189 551 2229 Affadvzg,
571 2198 653 2220 eam
670 2188 698 2218 A
796 2192 834 2219 27
861 2191 967 2219 tunc:
995 2187 1119 2219 malim
1140 2190 1221 2218 tum
