1623 2444
509 43 596 79 AD
626 42 739 79 Por
756 43 951 79 YBJVM
1317 56 1364 91 33

99 164 252 190 ausura
279 151 357 189 sibi
390 163 473 189 non
509 151 741 201 pepercisse
777 152 1084 201 conqueratur!
1145 152 1239 202 quis
1276 156 1365 190 tam
1386 162 1406 197 3

99 218 303 270 superbae
339 217 669 268 impotentisque
707 218 970 268 arrogantiae
1008 223 1084 264 est,
1122 223 1170 257 ut
1208 220 1249 256 in
1288 219 1365 257 hac

99 288 277 323 naturae
310 284 572 330 necessitate,
608 283 751 323 omnia
785 285 838 323 ad
873 285 1052 323 eundem
1086 284 1213 323 finem
1248 298 1365 324 reuo-

99 351 247 397 cantis‚
272 363 314 389 se
335 363 467 389 unum
491 364 538 389 ac
560 364 657 389 suos
679 351 823 402 seponi
846 351 960 396 uelit,
986 351 1214 402 ruinaeque
1237 352 1364 390 etiam

63 429 79 461 5
99 417 177 469 ipsi
208 417 367 456 mundo
398 417 635 456 imminenti
667 417 851 468 aliquam
884 408 1057 456 domurn
1099 418 1360 457 subtrahat?

98 484 333 523 maximum
355 497 450 536 ergo
473 484 673 523 solacium
691 489 766 530 est,
785 484 968 535 cogitare
990 485 1031 523 id
1050 485 1127 524 sibi
1151 485 1362 531 accidisse,
1386 500 1407 532 4

99 552 215 602 quod
247 563 392 590 omnes
426 555 524 589 ante
557 564 600 590 se
632 551 743 602 passi
778 555 876 589 sunt
910 563 1139 602 omnesque
1172 552 1363 603 passuri;

100 622 142 656 et
162 618 255 656 ideo
275 618 378 655 mihi
399 618 568 656 uidetur
588 630 725 656 rerum
746 622 912 663 natura,
935 619 1050 668 quod
1069 619 1363 669 grauissimum

99 684 268 730 fecerat,
303 697 525 723 commune
558 685 714 730 fecisse,
749 689 796 723 ut
830 685 1123 724 crudelitatem
1158 686 1235 724 fati
1268 698 1364 724 con-

43 767 82 789 10
99 751 304 790 solaretur
343 751 588 802 aequalitas.

181 825 225 858 2.
286 818 397 857 Illud
430 831 598 869 quoque
632 822 673 856 te
701 830 784 856 non
816 817 1038 857 minimum
1073 818 1296 865 adiuuerit,
1331 819 1364 858 si
1390 834 1402 856 1

98 885 349 935 cogitaueris
384 885 486 923 nihil
522 885 791 936 profuturum
829 885 1015 934 dolorem
1046 889 1169 925 tuum
1201 899 1276 924 nec
1307 886 1364 924 illi

98 964 224 1002 quem
255 951 478 998 desideras,
511 964 586 990 nec
617 951 723 997 tibi;
772 951 886 990 noles
917 952 1027 990 enim
1057 952 1361 1004 longum'esse,

98 1018 213 1069 quod
249 1018 414 1057 irritum
452 1022 526 1057 est.
587 1031 685 1057 nam
723 1018 756 1056 si
793 1019 1021 1069 quicquam
1059 1019 1234 1058 tristitia
1270 1033 1363 1071 pro-

43 1099 78 1131 15
98 1085 248 1124 secturi
278 1098 434 1131 sumus
467 1098 550 1123 non
581 1098 724 1124 recuso
754 1086 956 1136 quicquid
984 1086 1251 1125 lacrimarum
1282 1087 1363 1125 for-

99 1156 228 1190 tunae
248 1164 367 1190 meae
388 1152 608 1203 superfuit,
634 1156 733 1191 tuae
754 1152 952 1198 fundere;
982 1153 1194 1192 inueniam
1217 1153 1364 1192 etiam-

98 1231 221 1264 nunc,
239 1231 314 1270 per
329 1219 405 1257 hos
420 1219 649 1258 exhaustos
668 1219 753 1257 iam
773 1219 942 1258 fletibus
963 1220 1203 1259 domesticis
1223 1221 1365 1259 oculos

97 1285 212 1336 quod
233 1285 390 1331 effluat,
414 1286 446 1324 si
467 1286 594 1324 modo
616 1286 658 1324 id
680 1286 757 1324 tibi
779 1286 970 1325 futurum
992 1286 1103 1325 bono
1125 1292 1200 1326 est.
1260 1287 1364 1338 quid
1387 1298 1404 1321 2

97 1353 267 1391 cessas?
328 1364 660 1405 conqueramur:
697 1357 826 1404 atque
857 1353 961 1392 adeo
992 1353 1079 1405 ipse
1109 1354 1217 1393 hanc
1246 1354 1362 1392 litem

39 1435 78 1458 20
95 1431 234 1458 meam
253 1419 406 1458 faciam
427 1431 434 1458 :
477 1419 758 1470 ‘iniquissima
777 1420 966 1458 omnium
986 1420 1139 1459 iudicio
1159 1421 1362 1467 Fortuna,

97 1486 235 1525 adhuc
276 1486 487 1525 uidebaris
528 1486 571 1524 in
613 1499 661 1525 eo
703 1487 871 1525 homine
906 1491 948 1525 te
983 1487 1252 1533 continuisse,
1290 1488 1362 1539 qui

95 1565 267 1592 munere
314 1556 389 1592 tuo
436 1557 603 1592 tantam
656 1554 971 1592 uenerationem
1024 1559 1250 1606 receperat,
1299 1559 1361 1601 ut,

95 1620 211 1671 quod
226 1632 319 1659 raro
334 1620 407 1659 ulli
422 1620 613 1672 contigit,
630 1620 808 1659 felicitas
824 1621 911 1659 eius
927 1621 1127 1672 effugeret
1143 1621 1360 1660 inuidiam.

96 1699 189 1725 ecce
219 1699 315 1726 eum
345 1687 531 1726 dolorem
562 1687 632 1733 illi,
665 1700 791 1738 quem
822 1688 939 1726 saluo
970 1688 1145 1727 Caesare
1176 1689 1363 1739 accipere

37 1767 76 1800 25
94 1753 329 1793 maximum
358 1757 540 1805 poterat,
572 1754 843 1805 impressisti;
885 1758 939 1800 et,
973 1767 1068 1793 cum
1100 1755 1206 1793 bene
1244 1755 1361 1794 illum

91 1820 282 1879 'undique
303 1820 528 1867 circuisses,
552 1820 797 1860 intellexisti
820 1821 898 1860 hac
919 1825 1040 1872 parte
1062 1813 1363 1860 tantummodo

90 1872 239 1939 >patere
279 1886 434 1926 ictibus
476 1887 572 1926 tuis.
637 1888 740 1939 quid
776 1888 886 1926 enim
923 1888 980 1926 illi
1018 1888 1131 1927 aliud
1166 1888 1358 1928 faceres?
1384 1900 1404 1935 3

92 1954 313 2005 pecuniam
355 1954 567 2006 eriperes?
629 1967 862 2006 numquam
903 1954 960 1993 illi
1000 1955 1212 1994 obnoxius
1252 1956 1362 2002 fuit;

42 1881 51 1903 ί

159 2053 177 2080 9
202 2049 341 2081 fecerat
364 2049 404 2086 Ο,
432 2049 570 2080 faceret
600 2049 698 2081 Gertz
834 2053 872 2080 21
897 2049 935 2080 in
963 2059 1006 2080 eo
1032 2049 1181 2081 homine
1213 2052 1250 2081 te
1279 2060 1363 2081 con-

92 2100 246 2133 tinuisse
262 2101 425 2142 Madvig,
445 2100 526 2132 sinu
545 2111 629 2132 eum
652 2100 841 2132 hominem
864 2100 1090 2133 continuisse
1112 2102 1157 2133 M
1160 2101 1259 2139 iillen
1279 2112 1363 2134 eum

93 2152 281 2185 hominem
298 2152 525 2185 continuisse
543 2153 583 2190 Ο,
602 2162 632 2184 e.
653 2153 689 2185 h.
708 2152 861 2185 coluisse
877 2152 968 2185 coni.
987 2153 1085 2186 Gertz

194 2237 234 2262 D.
256 2238 289 2262 S.
1240 2239 1261 2272 3
