1623 2444
564 58 651 94 4D
680 58 794 95 POL
808 57 965 94 YBJV,
965 58 1007 93 is
1370 66 1416 103 37

406 116 457 134 W&
481 126 524 141 *zv*

152 166 231 205 hoc
246 166 452 218 principio
469 132 644 213 edimur,
653 127 760 206 huic
776 166 913 205 omnis
929 167 1195 218 sequentium
1214 178 1419 205 annorum

152 233 254 272 ordo
278 233 501 272 consentit.
561 234 619 273 sic
642 234 778 272 uitam
802 233 976 285 agimus,
1002 233 1180 284 ideoque
1202 233 1420 272 moderate

152 299 196 338 id
220 299 306 338 fieri
332 300 458 339 debet
484 313 509 339 a
533 300 665 346 nobis,
693 300 807 351 quod
837 313 960 351 saepe
985 300 1224 339 faciendum
1250 304 1339 345 est3
1378 303 1420 337 et

153 366 433 417 respicientes,
475 371 685 418 quantum
725 381 749 405 a
787 371 904 418 tergo
943 380 1080 406 rerum
1120 367 1305 405 tristium
1344 366 1420 404 im-

116 432 326 480 5mineat,
369 433 402 472 si
443 446 527 472 non
567 434 684 473 finire
724 434 930 479 lacrimas,
973 437 1017 472 at
1058 437 1170 472 certe
1210 446 1421 472 reseruare

154 499 367 538 debemus.
427 500 529 539 nulli
559 501 817 552 parcendum
850 504 911 539 est
936 501 993 539 rei
1016 501 1149 552 magis
1172 513 1300 551 quam
1324 500 1421 538 huic

155 566 273 605 cuius
298 570 387 605 tam
413 567 609 618 frequens
633 581 733 606 usus
758 571 833 606 est.

235 641 280 686 5.
342 633 450 672 Illud
484 647 653 685 quoque
684 638 725 673 te
754 647 837 672 non
867 634 1089 672 minimum
1126 633 1349 679 adiuuerit,
1388 633 1420 671 si
1446 644 1459 667 1

154 700 404 751 cogitaueris
439 701 540 740 nulli
575 701 715 740 minus
749 705 917 752 gratum
953 714 1040 739 esse
1076 701 1261 739 dolorem
1298 705 1420 739 tuum

98 783 134 805 10
153 779 283 817 quam
319 767 354 805 ei
392 768 457 806 cui
490 768 695 819 praestari
723 767 918 806 uidetur:
966 768 1151 818 torqueri
1180 768 1246 805 ille
1275 772 1317 806 te
1347 771 1420 806 aut

154 846 238 872 non
264 834 357 872 uult
385 839 458 873 aut
486 848 569 873 non
596 835 812 885 intellegit.
872 835 987 873 nulla
1013 835 1157 885 itaque
1184 835 1271 873 eius
1298 834 1420 872 officii

154 900 262 939 ratio
282 905 357 946 est,
379 901 493 952 quod
513 901 560 947 ei,
583 901 648 940 cui
667 906 920 953 praestatur,
942 902 974 940 si
995 901 1096 940 nihil
1116 901 1258 945 sentit,
1280 914 1421 952 super-

154 980 336 1006 uacuum
368 972 443 1013 est,
476 968 508 1007 si
540 969 681 1014 sentit,
714 968 927 1019 ingratum
958 972 1033 1007 est.
1094 968 1303 1006 neminem
1334 981 1422 1006 esse
1445 983 1462 1005 2

155 1037 247 1072 toto
294 1034 394 1073 orbe
442 1039 660 1081 terrarum,
705 1035 776 1086 qui
820 1035 1052 1074 delectetur
1098 1035 1280 1073 lacrimis
1323 1035 1418 1080 tuis,

96 1118 132 1150 15
154 1101 355 1140 audacter
385 1102 574 1140 dixerim.
634 1102 737 1153 quid
758 1115 853 1153 ergo
874 1102 888 1141 Ρ
929 1115 1054 1153 quem
1078 1115 1201 1141 nemo
1220 1102 1421 1140 aduersus

155 1173 196 1206 te
228 1168 415 1207 animum
447 1168 565 1220 gerit,
599 1182 695 1208 eum
727 1182 814 1208 esse
846 1172 894 1208 tu
925 1169 1059 1208 credis
1089 1169 1232 1207 fratris
1263 1168 1338 1215 tui,
1373 1172 1420 1207 ut

153 1234 343 1274 cruciatu
365 1235 428 1274 tui
450 1239 600 1274 noceat
622 1236 713 1281 tibi,
737 1240 784 1275 ut
807 1240 849 1274 te
871 1237 971 1275 uelit
995 1236 1203 1275 abducere
1225 1236 1278 1274 ab
1300 1248 1420 1274 occu-

152 1301 396 1353 pationibus
415 1302 511 1348 tuis,
533 1302 576 1341 id
594 1307 656 1341 est
677 1316 701 1341 a
719 1303 860 1342 studio
879 1307 920 1341 et
941 1316 965 1341 a
983 1303 1158 1342 Caesare
1178 1302 1192 1341 .)
1254 1315 1338 1341 non
1357 1305 1419 1341 est

153 1368 231 1407 hoc
252 1369 384 1407 simile
405 1369 505 1408 ueri.
564 1369 632 1408 ille
653 1370 763 1408 enirn
785 1370 1092 1421 indulgentiam
1114 1370 1191 1408 tibi
1213 1373 1420 1420 tanquam

93 1450 133 1472 20
152 1435 272 1474 fratri
325 1436 553 1487 praestitit,
609 1437 924 1475 uenerationem
979 1440 1185 1487 tanquam
1239 1436 1418 1487 parenti,

151 1502 314 1541 cultum
350 1507 556 1554 tanquam
592 1504 793 1555 superiori
813 1516 822 1549 ;
876 1504 942 1542 ille
977 1503 1182 1542 desiderio
1218 1503 1296 1541 tibi
1333 1516 1420 1541 esse

151 1569 258 1615 uult,
301 1573 514 1608 tormento
555 1583 642 1609 esse
682 1583 766 1609 non
806 1571 911 1609 uult.
971 1570 1075 1621 quid
1114 1570 1260 1621 itaque
1300 1570 1420 1608 iuuat

151 1636 284 1675 dolori
307 1636 579 1683 intabescere,
604 1650 743 1688 quem,
769 1637 801 1676 si
824 1637 918 1688 quis
941 1637 1151 1676 defunctis
1174 1650 1319 1675 sensus
1342 1641 1417 1682 est,

151 1703 260 1742 finiri
283 1703 414 1742 frater
436 1707 536 1742 tuus
559 1704 675 1755 cupit
696 1705 711 1742 ?
773 1704 824 1743 de
848 1704 928 1742 alio
952 1705 1093 1749 fratre,
1119 1703 1238 1742 cuius
1260 1704 1421 1742 incerta
1441 1714 1461 1749 3

91 1784 128 1818 ²5
150 1773 292 1821 posset
315 1770 515 1809 uoluntas
537 1770 683 1817 uideri,
709 1772 851 1810 omnia
876 1771 976 1809 haec
1001 1771 1043 1809 in
1067 1771 1196 1809 dubio
1220 1783 1419 1821 ponerem

150 1840 192 1875 et
232 1837 440 1876 dicerem:
498 1837 615 1876 ‘siue
654 1841 698 1876 te
737 1838 923 1889 torqueri
962 1837 1144 1876 lacrimis
1184 1850 1418 1888 numquam

149 1903 438 1943 desinentibus
469 1904 599 1943 frater
629 1908 729 1944 tuus
760 1905 889 1957 cupit,
917 1888 1112 1956 indignus
1138 1896 1217 1943 hoc
1248 1904 1419 1943 adfectu

149 1974 225 2009 tuo
247 1974 339 2017 est;
378 1971 466 2010 siue
489 1984 573 2010 non
595 1971 702 2018 uult,
726 1972 895 2023 utrique
918 1976 1107 2010 uestrum
1130 1971 1419 2010 inhaerentem

150 2037 336 2076 dolorem
374 2037 571 2084 dimitte;
626 2051 701 2077 nec
738 2038 893 2090 impius
930 2039 1060 2077 frater
1097 2038 1154 2077 sic
1192 2037 1418 2076 desiderari

88 2116 129 2148 30
149 2104 275 2143 debet
310 2117 386 2143 nec
419 2104 514 2156 pius
549 2104 607 2143 sic
642 2105 773 2145 uelit.'
833 2106 875 2144 in
911 2106 989 2144 hoc
1024 2118 1136 2151 uero,
1174 2105 1292 2143 cuius
1327 2109 1416 2143 tam

169 2192 208 2219 25
234 2189 271 2219 in
286 2188 399 2220 dubio
412 2189 521 2226 Gertz,
537 2199 611 2220 non
625 2189 736 2221 dubie
751 2190 779 2221 Ο
851 2193 889 2220 28
915 2190 1174 2220 abhorrentem
1191 2190 1282 2220 coni.
1297 2189 1395 2220 Gertz
