1623 2444
233 60 284 104 46
326 70 329 72 ·
746 59 985 96 SENECA

234 167 506 218 fructumque
542 168 642 214 eius,
680 168 876 219 quamuis
912 168 1079 207 breuior
1114 174 1217 207 uoto
1254 173 1329 208 tuo
1365 169 1505 215 fuerit,

233 234 333 273 boni
365 235 546 273 consule.
606 234 747 286 cogita
770 234 1120 274 iucundissimum
1154 248 1254 282 esse,
1286 236 1401 287 quod
1433 236 1507 274 ha-

233 301 376 347 buisti,
411 302 659 348 humanum,
693 302 808 352 quod
840 301 1089 352 perdidisti:
1139 315 1215 341 nec
1247 302 1358 341 enim
1390 302 1506 353 quic-

233 381 363 418 quam
383 368 523 406 minus
543 368 653 407 inter
672 381 715 407 se
735 372 1067 415 consentaneum
1089 373 1151 408 est
1172 382 1301 420 quam
1323 369 1504 420 aliquem

233 435 406 480 moueri,
439 435 554 485 quod
585 435 663 473 sibi
695 435 792 474 talis
823 435 953 474 frater
982 448 1133 487 parum
1164 436 1237 475 diu
1267 436 1503 487 contigerit,

233 514 317 540 non
345 502 539 552 gaudere,
570 502 684 552 quod
714 506 858 540 tamen
887 502 1123 553 contigerit.

318 576 390 608 11.
451 569 537 607 ‘At
563 568 800 620 inopinanti
833 573 1002 620 ereptus
1035 569 1126 608 est.'
1185 582 1262 608 sua
1294 582 1505 620 quemque

232 635 460 674 credulitas
492 635 650 686 decipit
683 640 725 674 et
758 635 800 674 in
834 635 903 682 eis,
939 648 1048 686 quae
1080 636 1229 687 diligit,
1263 636 1505 675 uoluntaria

232 702 508 741 mortalitatis
530 702 686 741 obliuio
707 714 714 741 :
754 706 908 741 natura
930 702 1033 741 nulli
1057 715 1099 741 se
1121 703 1383 742 necessitatis
1405 716 1505 742 suae

234 769 415 820 gratiam
452 769 663 808 facturam
700 782 787 808 esse
823 773 983 808 testata
1013 773 1088 808 est.
1149 770 1303 808 cotidie
1338 774 1505 821 praeter

233 836 375 875 oculos
430 840 595 875 nostros
649 840 871 875 transeunt
926 840 1124 875 notorum
1179 837 1504 888 ignotorumque

233 903 393 949 funera,
421 916 496 941 nos
523 907 667 941 tamen
695 903 809 942 aliud
836 903 1011 955 agimus,
1033 907 1074 942 et
1102 903 1292 942 subitum
1318 903 1361 943 id
1380 908 1504 956 puta-

232 982 327 1008 mus
351 983 451 1016 esse,
477 970 593 1020 quod
617 970 738 1009 nobis
762 974 856 1008 tota
879 970 970 1009 uita
994 970 1272 1010 denuntiatur
1295 971 1501 1010 futurum.

233 1049 317 1075 non
358 1041 420 1076 est
461 1037 606 1087 itaque
646 1037 729 1075 ista
768 1037 954 1075 fatorum
994 1037 1197 1088 iniquitas
1237 1038 1310 1076 sed
1348 1037 1503 1076 mentis

234 1104 445 1142 humanae
478 1103 669 1155 prauitas
701 1103 952 1142 insatiabilis
985 1117 1123 1143 rerum
1156 1104 1366 1166 omnium,
1394 1117 1503 1169 quae

234 1170 479 1221 indignatur
509 1171 607 1209 inde
638 1170 840 1217 excidere,
874 1184 958 1222 quo
991 1171 1175 1210 admissa
1206 1175 1268 1210 est
1300 1165 1517 1223 precarioJv

234 1243 396 1289 quanto
428 1237 495 1275 ille
527 1237 688 1284 iustior,
723 1237 795 1288 qui
828 1238 1027 1276 nuntiata
1057 1238 1130 1276 filii
1162 1242 1299 1276 morte
1331 1238 1503 1291 dignam

233 1317 387 1356 magno
424 1304 514 1343 uiro
551 1317 699 1343 uocem
736 1304 903 1343 emisit:
959 1305 1063 1356 ‘ego
1100 1317 1196 1344 cum
1232 1305 1370 1356 genui,
1408 1309 1502 1345 tum

233 1371 486 1410 moriturum
509 1371 639 1410 sciui.'
699 1384 868 1423 prorsus
890 1384 974 1410 non
996 1371 1157 1410 mireris
1179 1384 1230 1410 ex
1251 1372 1331 1411 hoc
1353 1375 1503 1411 natum

234 1451 334 1485 esse,
359 1438 431 1489 qui
455 1438 622 1477 fortiter
644 1438 749 1477 mori
772 1442 926 1490 posset.
987 1451 1071 1477 non
1095 1438 1256 1490 accepit
1280 1442 1502 1490 tamquam

234 1518 393 1544 nouum
427 1505 625 1544 nuntium
659 1505 731 1543 filii
765 1510 974 1550 mortem;
1025 1505 1128 1556 quid
1161 1505 1272 1544 enim
1306 1510 1369 1544 est
1403 1505 1502 1544 noui

234 1572 447 1611 hominem
476 1572 595 1618 mori,
626 1572 744 1611 cuius
772 1576 867 1611 tota
895 1572 986 1611 uita
1015 1572 1117 1610 nihil
1146 1572 1261 1611 aliud
1289 1585 1418 1623 quam
1448 1573 1502 1611 ad

233 1644 414 1678 mortem
441 1639 521 1677 iter
547 1639 645 1678 est?
708 1639 812 1690 ‘ego
839 1652 935 1677 cum
962 1639 1099 1690 genui,
1128 1643 1221 1677 tum
1248 1639 1502 1678 moriturum

190 1721 210 1756 3
234 1706 363 1745 sciui.'
423 1706 574 1745 deinde
590 1705 758 1775 adiecit
789 1719 875 1744 rem
906 1705 1076 1773 maioris
1106 1710 1147 1744 et
1178 1706 1429 1757 prudentiae
1460 1710 1502 1745 et

234 1773 391 1812 animi:
441 1773 512 1811 ‘et
545 1748 659 1811 huic
665 1754 730 1811 rei
763 1756 941 1811 sustuli.
1000 1785 1146 1811 omnes
1177 1772 1273 1811 huic
1305 1773 1362 1811 rei
1394 1773 1503 1811 tolli-

232 1853 328 1879 mur
343 1852 352 1886 ;
386 1839 576 1891 quisquis
593 1840 647 1878 ad
662 1839 797 1878 uitam
814 1839 964 1885 editur,
984 1840 1038 1878 ad
1052 1843 1234 1878 mortem
1250 1839 1501 1889 destinatur.

231 1907 492 1958 gaudeamus
526 1919 622 1958 ergo
657 1919 705 1945 eo
739 1907 854 1958 quod
888 1906 1073 1953 dabitur,
1105 1906 1416 1958 reddamusque
1445 1906 1502 1953 id,

232 1987 329 2013 cum
360 1986 638 2025 reposcemur.
698 1973 826 2012 alium
859 1973 942 2011 alio
973 1977 1163 2025 tempore
1195 1973 1286 2012 fata
1316 1986 1504 2025 compre-

300 2084 338 2111 16
363 2080 448 2111 inde
472 2080 639 2112 excidere
660 2091 734 2122 quo
751 2080 861 2118 Gertz,
881 2081 966 2112 inde
985 2081 1144 2113 eximere
1162 2090 1236 2122 quo
1252 2080 1351 2112 DEG
1362 2081 1401 2117 V,
1418 2080 1504 2112 inde

233 2132 331 2163 exire
345 2142 419 2172 quo
433 2132 555 2163 Haase
624 2136 662 2163 23
681 2132 804 2173 inquit
819 2135 897 2173 post
915 2132 1024 2173 genui
1037 2132 1135 2163 Gertz
1146 2132 1373 2164 inserendum
1390 2134 1503 2163 censet

234 2188 273 2215 24
298 2194 373 2216 rem
391 2185 432 2222 O,
451 2194 580 2216 uocem
598 2185 699 2217 malit
716 2184 832 2216 Gertz:
861 2186 919 2216 sed
937 2185 981 2225 cf.
1001 2184 1054 2216 De
1072 2185 1159 2215 Rern.
1177 2184 1229 2216 vii
1251 2195 1302 2220 ll,
1323 2193 1342 2214 2

1528 784 1567 807 10

1528 1118 1563 1152 15

1523 1456 1565 1479 20

1524 1784 1562 1818 25
