1623 2444
200 52 246 98 73
715 51 955 89 SENECA

196 162 309 201 intra
341 162 579 201 naturalem
610 162 799 207 modum,
833 165 1131 213 paupertatem
1164 175 1248 200 non
1283 161 1466 208 sentiet;

196 229 269 280 qui
295 229 531 269 naturalem
564 229 739 268 modum
762 229 949 274 excedet,
974 241 1070 267 eum
1100 229 1142 267 in
1165 229 1340 267 summis
1363 241 1466 279 quo-

196 309 278 347 que
302 296 453 348 opibus
477 300 707 348 paupertas
731 299 942 346 sequetur.
1002 296 1243 334 necessariis
1269 296 1392 334 rebus
1426 299 1468 334 et

155 376 173 412 5
196 363 321 402 exilia
346 363 573 409 sufficiunt,
601 362 872 414 superuacuis
898 375 974 401 nec
998 375 1137 413 regna.
1198 362 1363 401 animus
1388 366 1464 408 est,

196 430 268 481 qui
294 430 448 469 diuites
473 430 575 469 facit
597 442 605 476 ;
647 430 714 468 hic
738 430 781 468 in
807 429 931 468 exilia
956 429 1228 480 sequitur,‘et
1255 429 1297 468 in
1323 429 1468 467 solitu-
1489 439 1505 472 5

196 497 365 536 dinibus
387 497 636 548 asperrimis,
660 510 757 535 cum
778 500 989 547 quantum
1011 496 1114 535 satis
1135 500 1196 535 est
1219 496 1467 535 sustinendo

196 564 359 616 corpori
390 564 566 609 inuenit,
599 564 687 615 ipse
718 563 839 602 bonis
870 563 955 602 suis
987 563 1178 601 abundat
1210 567 1250 601 et
1284 562 1465 601 fruitur:

196 631 375 683 pecunia
393 631 447 669 ad
465 631 654 669 animum
672 630 774 669 nihil
792 630 990 682 pertinet,
1011 643 1094 668 non
1113 630 1246 681 magis
1264 643 1393 680 quam
1414 629 1469 668 ad

152 703 173 735 ὁ
195 698 295 737 deos
322 697 585 736 immortalis.
645 697 788 736 omnia
814 697 908 742 ista,
939 710 1047 747 quae
1075 696 1272 748 imperita
1299 696 1468 747 ingenia

194 769 236 804 et
268 765 392 804 nimis
423 764 666 816 corporibus
697 764 781 803 suis
813 764 984 802 addicta
1014 763 1261 815 suspiciunt,
1293 763 1467 814 lapides,
1492 778 1530 800 10

197 845 362 879 aurum,
379 836 615 883 argentum,
632 835 673 869 et
688 831 830 882 magni
845 831 1060 881 leuatique
1074 843 1317 869 mensarum
1332 830 1466 875 orbes,

196 903 363 938 terrena
382 903 481 937 sunt
502 898 703 950 pondera,
725 911 834 948 quae
855 911 938 936 non
959 902 1100 949 potest
1122 910 1264 936 amare
1283 897 1468 936 sincerus

196 966 362 1005 animus
399 979 446 1004 ac
482 970 660 1005 naturae
696 978 795 1004 suae
825 977 999 1010 mernor,
1037 964 1164 1020 faecis
1197 964 1286 1016 ipse
1319 977 1467 1016 expers

196 1037 251 1079 et,
276 1033 532 1084 quandoque
555 1032 730 1071 emissus
752 1032 891 1077 fuerit,
917 1032 971 1070 ad
993 1044 1159 1070 summa
1181 1031 1437 1070 emicaturus
1457 1043 1465 1076 ;

197 1100 378 1146 interim,
418 1104 629 1150 quantum
667 1112 740 1151 per
776 1112 916 1137 moras
952 1098 1239 1137 membrorum
1278 1102 1319 1136 et
1358 1098 1467 1137 hanc
1491 1112 1525 1145 15

195 1167 493 1206 circumfusam
519 1179 691 1217 grauem
718 1166 925 1205 sarcinam
951 1165 1062 1211 licet,
1091 1165 1211 1204 celeri
1238 1169 1280 1204 et
1306 1164 1466 1204 uolucri

156 1234 452 1286 7cogitatione
489 1233 633 1272 diuina
669 1233 910 1284 perlustrat.
958 1232 1148 1283 ,ideoque
1185 1245 1260 1271 nec
1296 1232 1466 1270 exulare

195 1314 400 1352 umquam
420 1304 575 1352 potest,
596 1300 700 1338 liber
719 1304 760 1338 et
780 1300 868 1338 deis
887 1290 1092 1351 cognatus
1111 1303 1152 1338 et
1172 1299 1287 1338 omni
1305 1299 1465 1338 mundo

197 1368 396 1419 omnique
429 1380 533 1406 aeuo
565 1379 669 1419 par;
718 1380 817 1405 nam
849 1366 1051 1418 cogitatio
1083 1366 1171 1404 eius
1202 1366 1312 1405 circa
1342 1379 1466 1404 omne

196 1435 359 1474 caelum
387 1434 433 1480 it,
463 1434 506 1473 in
534 1446 658 1473 omne
685 1433 963 1485 praeteritum
992 1433 1269 1483 futurumque
1297 1436 1466 1484 tempus
1486 1450 1528 1472 20

196 1502 440 1541 inmittitur.
500 1501 795 1552 corpusculum
832 1500 922 1546 hoc,
961 1499 1154 1539 custodia
1180 1504 1220 1538 et
1248 1499 1466 1538 uinculum

197 1568 339 1614 animi,
362 1569 443 1607 huc
460 1572 588 1619 atque
605 1568 701 1606 illuc
717 1568 920 1610 iactatur:
939 1567 979 1605 in
999 1567 1076 1605 hoc
1093 1566 1310 1618 supplicia,
1329 1566 1371 1605 in
1388 1567 1465 1605 hoc

198 1635 431 1681 latrocinia,
459 1635 499 1673 in
525 1635 604 1673 hoc
628 1634 764 1673 morbi
790 1638 1063 1672 exercentur:
1103 1633 1269 1672 animus
1293 1633 1464 1684 quidem

197 1703 284 1755 ipse
300 1715 417 1741 sacer
433 1706 473 1741 et
493 1705 687 1740 aeternus
703 1705 765 1740 est
783 1705 824 1739 et
842 1701 907 1739 cui
928 1713 1011 1739 non
1031 1700 1164 1752 possit
1184 1700 1279 1739 inici
1299 1713 1462 1739 manus.

158 1789 170 1811 1
268 1778 340 1810 12.
401 1769 465 1807 Ne
494 1781 561 1808 me
591 1772 715 1820 putes
746 1768 800 1806 ad
829 1767 1034 1806 eleuanda
1064 1767 1332 1806 incommoda
1361 1780 1464 1818 pau·
1484 1778 1523 1812 25

196 1836 387 1888 pertatis,
422 1848 551 1886 quam
585 1848 708 1874 nemo
740 1847 912 1885 grauem
944 1834 1073 1873 sentit
1107 1834 1185 1872 nisi
1217 1833 1289 1884 qui
1322 1837 1462 1885 putat,

195 1903 259 1942 uti
297 1906 468 1941 tantum
506 1901 742 1953 praeceptis
780 1901 1048 1952 sapientium,
1088 1900 1272 1951 primum
1311 1900 1487 1951 aspice,-

196 1974 358 2020 quanto
382 1969 516 2008 maior
539 1982 636 2020 pars
660 1968 713 2007 sit
737 1980 985 2019 pauperum,
1011 1980 1117 2018 quos
1141 1967 1270 2006 nihilo
1294 1966 1464 2005 notabis

195 2036 400 2075 tristiores
429 2035 773 2085 sollicitioresque
803 2034 1034 2073 diuitibus:
1082 2034 1211 2072 immo
1241 2033 1378 2072 nescio
1409 2046 1462 2071 an

262 2126 300 2152 13
346 2121 457 2152 faecis
506 2121 615 2157 Gertz,
659 2120 748 2151 leuis
789 2119 835 2156 A,
879 2119 996 2150 oneris
1035 2120 1197 2159 Ilffadv'z'g
1240 2119 1329 2150 leuis
1373 2119 1461 2160 ipse,

193 2173 388 2214 expeditus
413 2173 559 2203 Hermes
652 2176 690 2202 20
715 2171 744 2202 it
769 2171 876 2207 Gertz,
903 2173 941 2201 et
964 2169 994 2200 Α
