1623 2444
521 66 608 102 AD
647 66 771 103 HEL
786 65 943 101 VlAM
1308 64 1356 111 69

91 177 260 217 urbium
276 177 557 217 fundamenta
572 177 802 221 iaciuntur:
836 189 947 215 noua
961 175 1152 226 gentium
1172 174 1358 219 nomina,

91 245 290 284 extinctis
339 244 548 296 prioribus
598 248 671 283 aut
722 244 765 282 in
816 243 1094 283 accessionem
1144 241 1360 281 ualidioris

91 311 314 357 conuersis,
349 311 554 350 oriuntur.
615 324 759 349 omnes
793 314 936 349 autem
968 310 1074 348 istae
1106 309 1359 360 populorum

91 378 474 430 transportationes
522 377 626 429 quid
676 378 789 417 aliud
838 389 967 428 quam
1016 375 1187 428 publica
1236 374 1361 414 exilia

52 445 224 492 5sunt?
285 445 388 496 quid
423 449 466 484 te
508 449 598 484 tam
633 445 757 496 longo
794 443 1017 483 circumitu
1058 442 1216 483 traho?
1257 441 1361 493 quid
1382 431 1403 465 6

91 512 264 551 interest
312 525 556 551 enumerare
596 512 855 550 Antenorem
893 510 1061 549 Patauii
1098 510 1360 549 conditorem

91 584 133 618 et
168 579 419 618 Euandrum
454 579 496 618 in
531 579 623 631 ripa
657 578 818 617 Tiberis
852 590 980 629 regna
1014 577 1229 616 Arcadum
1264 589 1362 614 con-

91 646 337 705 locantem?
371 646 475 697 quid
504 645 740 685 Diomeden
771 645 972 696 aliosque,
999 657 1106 695 quos
1130 643 1361 682 Troianum

93 713 251 752 bellum
287 713 425 752 uictos
461 712 586 752 simul
622 713 888 763 uictoresque
929 725 1004 763 per
1043 711 1199 750 alienas
1230 715 1362 749 terras

37 795 74 817 10
93 780 351 832 dissipauit?
414 780 657 819 Romanum
696 779 919 831 imperium
959 791 1110 830 nempe
1147 782 1403 822 auctorem7

93 848 259 887 exulem
279 847 460 899 respicit,
479 860 606 898 quem
624 847 851 898 profugum
871 850 998 899 capta
1016 845 1168 898 patria,
1191 844 1364 895 exiguas

93 914 294 978 reliquias
338 914 591 959 trahentem,
643 914 870 952 necessitas
919 918 960 952 et
1009 912 1183 952 uictoris
1223 916 1364 950 metus

93 964 324 1033 longinqua
344 984 618 1032 quaerentem
640 981 682 1019 in
706 980 876 1019 Italiam
898 980 1064 1019 detulit.
1124 979 1191 1017 hic
1213 978 1364 1017 deinde

94 1048 276 1100 populus
306 1052 411 1099 quot
442 1048 627 1087 colonias
656 1047 699 1086 in
729 1060 897 1086 omnem
927 1046 1190 1099 prouinciam
1220 1045 1362 1084 misit!

37 1132 73 1165 15
92 1116 349 1166 ubicumque
380 1115 483 1154 uicit
517 1115 749 1161 Romanus,
784 1114 965 1154 habitat.
1026 1114 1081 1153 ad
1112 1114 1220 1152 hanc
1253 1124 1364 1151 com-

93 1183 376 1222 mutationem
421 1182 609 1221 locorum
655 1181 835 1220 libentes
880 1181 1053 1220 nomina
1098 1180 1274 1225 dabant,
1323 1183 1364 1217 et

92 1251 247 1290 relictis
293 1250 374 1289 aris
420 1250 505 1289 suis
549 1254 665 1288 trans
713 1248 847 1289 maria
893 1248 1150 1299 sequebatur
1196 1246 1367 1285 colonos

94 1331 233 1358 seneX.
293 1330 357 1356 res
384 1317 556 1369 quidem
584 1329 668 1355 non
697 1316 906 1355 desiderat
934 1315 1119 1367 plurium
1147 1326 1365 1352 enumera·
1387 1306 1419 1343 8*

95 1386 255 1425 tionem
275 1397 283 1431 ;
335 1397 468 1423 unum
504 1389 649 1423 tamen
685 1383 878 1428 adiciam,
916 1382 1031 1433 quod
1066 1381 1109 1420 in
1145 1380 1288 1420 oculos
1324 1392 1367 1418 se

35 1473 77 1495 20
95 1452 246 1504 ingerit
267 1464 274 1490 :
313 1452 417 1490 haec
437 1451 530 1503 ipsa
550 1450 688 1490 insula
709 1462 833 1501 saepe
854 1449 939 1487 iam
961 1449 1143 1488 cultores
1162 1447 1364 1487 mutauit.

96 1524 144 1559 ut
189 1518 443 1569 antiquiora,
489 1530 598 1568 quae
647 1520 841 1556 uetustas
894 1515 1088 1561 obduxit,
1137 1519 1364 1560 transeam,

97 1586 281 1625 Phocide
312 1585 458 1624 relicta
489 1584 616 1631 Graii,
651 1584 723 1635 qui
756 1580 867 1622 nunc
900 1582 1129 1621 Massiliam
1162 1581 1365 1627 incolunt,

97 1653 213 1705 prius
249 1652 292 1691 in
328 1653 407 1691 hac
443 1651 580 1690 insula
616 1651 910 1696 consederunt,
949 1662 1000 1688 ex
1036 1662 1122 1700 qua
1158 1648 1261 1700 quid
1298 1660 1368 1687 eos

98 1719 322 1772 fugauerit,
368 1719 576 1758 incertum
622 1722 697 1764 est,
744 1722 889 1756 utrum
934 1716 1037 1755 caeli
1081 1716 1269 1768 grauitas
1314 1727 1368 1753 an

38 1806 77 1840 25
98 1786 389 1839 praepotentis
416 1785 567 1824 Italiae
594 1789 844 1836 conspectus
872 1797 925 1822 an
952 1787 1106 1822 natura
1132 1781 1368 1834 inportuosi

98 1854 226 1893 maris
245 1865 254 1900 ;
294 1865 394 1892 nam
417 1852 460 1891 in
483 1865 611 1891 causa
633 1864 718 1891 non
741 1851 868 1890 fuisse
892 1850 1105 1889 feritatem
1131 1849 1367 1888 accolarum

100 1934 148 1960 eo
173 1924 362 1972 apparet,
389 1919 504 1970 quod
526 1918 711 1957 maxime
734 1922 837 1957 tunc
862 1917 1051 1956 trucibus
1075 1921 1117 1955 et
1141 1915 1368 1955 inconditis

100 1988 260 2027 Galliae
278 1986 445 2038 populis
464 1998 506 2024 se
525 1986 880 2037 interposuerunt
940 1983 1199 2022 transierunt
1219 1982 1369 2021 deinde
1390 1998 1412 2034 9

101 2055 273 2106 Ligures
300 2053 344 2092 in
372 2065 478 2106 eam,
510 2052 768 2091 transierunt
797 2056 839 2091 et
870 2051 1062 2102 Hispani,
1094 2051 1209 2101 quod
1237 2063 1289 2089 ex
1317 2049 1369 2087 si-

41 2136 82 2168 30
101 2120 339 2160 militudine
381 2103 487 2158 ritu‘s
534 2123 738 2170 apparet:
803 2119 950 2157 eadem
992 2117 1103 2156 enim
1151 2121 1370 2169 tegmenta

168 2203 205 2230 17
230 2198 381 2230 colonus
398 2197 575 2228 uexillum
592 2197 743 2237 Madvig
834 2199 872 2227 29
898 2206 942 2227 ex
955 2194 1260 2227 similitudinibus
1271 2193 1369 2225 Gertz
