1623 2444
187 55 237 89 80
705 54 942 91 SENECA

190 176 314 203 suum
348 164 583 204 discessisse
615 168 657 204 et
691 164 745 204 ab
778 177 826 204 eo
859 165 1072 204 desertum
1105 178 1193 204 esse
1225 178 1307 212 ruS,
1341 166 1457 217 quod

186 231 351 270 senatui
373 231 538 282 publice
560 232 708 278 curari,
732 232 834 270 dum
856 232 1019 271 abesset
1044 232 1241 283 Regulus,
1264 232 1425 284 placuit
1445 244 1453 271 :

185 297 321 336 fuitne
341 298 452 336 tanti
472 311 640 337 seruum
661 312 745 337 non
766 299 932 345 habere,
953 303 1001 338 ut
1022 299 1195 338 colonus
1215 299 1303 338 eius
1321 312 1454 351 popu-

143 363 164 398 6
185 364 249 403 lus
270 365 487 404 Romanus
506 369 613 404 esset
634 366 649 404 ?
711 365 916 417 Scipionis
935 365 1044 404 filiae
1063 379 1114 404 ex
1134 366 1291 405 aerario
1310 366 1455 405 dotem

187 436 452 483 acceperunt,
479 432 579 483 quia
603 432 704 471 nihil
729 432 808 471 illis
832 432 1057 483 reliquerat
1082 437 1230 484 pater:
1273 445 1455 484 aequum
1476 448 1492 480 5

185 511 252 536 me
306 499 492 537 hercules
546 503 635 538 erat
688 499 893 550 populum
948 499 1190 538 Romanurn
1243 499 1454 538 tributum

186 565 368 616 Scipioni
405 566 532 604 semel
569 566 768 612 conferre,
808 579 903 604 curn
936 579 961 605 a
992 566 1255 618 Karthagine
1291 579 1455 618 semper

186 631 381 683 exigeret.
442 646 465 671 o
497 633 636 671 felices
666 633 778 671 uiros
809 633 1057 684 puellarum,
1090 633 1243 683 quibus
1273 633 1454 684 populus

187 699 405 738 Romanus
435 699 526 738 loco
557 700 686 738 soceri
718 699 825 738 fuit!
886 700 1148 739 beatioresne
1178 700 1282 739 istos
1312 704 1452 751 putas,

184 779 364 816 quorum
397 767 686 820 pantomimae
710 767 875 806 deciens
899 767 1091 820 sestertio
1117 767 1297 813 nubunt,
1323 779 1453 818 quam
1477 779 1515 802 10

184 832 434 884 Scipionem,
458 833 576 872 cuius
596 833 714 872 liberi
737 847 761 872 a
781 838 945 880 senatu,
969 826 1111 872 tutOre
1132 847 1220 880 suo,
1243 833 1286 872 in
1308 834 1453 873 dotem

144 910 254 946 7aes
289 913 416 951 graue
452 901 738 952 acceperunt?
800 901 1054 951 dedignatur
1089 900 1240 952 aliquis
1274 913 1452 952 pauper-

184 970 333 1014 tatem,
362 967 480 1007 cuius
505 972 596 1006 tam
623 967 758 1006 clarae
784 967 987 1019 imagines
1013 971 1111 1006 sunt
1133 967 1147 1006 ?
1209 967 1454 1019 indignatur

185 1035 301 1073 exsul
333 1034 491 1085 aliquid
520 1034 598 1073 sibi
628 1035 782 1080 deesse,
814 1047 910 1073 cum
940 1034 1119 1073 defuerit
1149 1034 1332 1086 Scipioni
1362 1034 1450 1080 dos,

186 1101 346 1153 Regulo
377 1101 700 1147 mercennarius,
734 1101 925 1140 Menenio
956 1101 1095 1147 funus,
1129 1114 1224 1140 cum
1255 1101 1453 1140 omnibus
1476 1114 1512 1147 15

185 1168 263 1207 illis
292 1169 408 1219 quod
437 1169 580 1207 deerat
610 1168 704 1207 ideo
734 1168 950 1207 honestius
980 1168 1224 1219 suppletum
1253 1167 1321 1214 sit,
1352 1168 1454 1219 quia

185 1235 412 1274 defuerat?
486 1235 549 1275 his
574 1248 670 1287 ergo
697 1235 928 1281 aduocatis,
957 1248 1040 1274 non
1070 1239 1242 1274 tantum
1267 1238 1365 1274 tuta
1389 1238 1451 1274 est

185 1303 258 1342 sed
278 1302 406 1341 etiam
428 1302 613 1353 gratiosa
632 1306 873 1354 paupertas.

146 1382 159 1404 1
269 1377 342 1421 13.
404 1369 663 1421 Responderi
710 1373 879 1420 potest:
930 1369 938 1382 ‘
959 1368 1062 1420 quid
1106 1368 1328 1407 artificiose
1371 1368 1456 1407 ista

186 1436 360 1483 diducis,
393 1450 501 1487 quae
531 1436 695 1488 singula
723 1435 918 1475 sustineri
947 1441 1138 1487 possunt,
1170 1435 1340 1474 conlata
1368 1448 1453 1474 non
1473 1455 1515 1478 20

184 1508 361 1555 possunt
382 1504 396 1542 P
457 1503 737 1542 commutatio
762 1503 840 1542 loci
866 1502 1094 1541 tolerabilis
1119 1506 1195 1548 est,
1222 1502 1255 1541 si
1280 1506 1452 1541 tantum

183 1570 322 1609 locum
347 1574 486 1609 mutes
505 1582 514 1617 ;
555 1574 785 1621 paupertas
809 1569 1038 1608 tolerabilis
1062 1573 1137 1615 est,
1165 1569 1197 1607 si
1222 1568 1453 1620 ignominia

143 1652 160 1674 2
185 1637 308 1683 absit,
329 1650 437 1688 quae
455 1637 522 1676 uel
541 1637 629 1675 sola
646 1636 880 1688 opprimere
900 1636 1061 1675 animos
1080 1636 1213 1674 solet.’
1251 1636 1452 1674 aduersus

184 1705 308 1751 hunc,
333 1704 523 1755 quisquis
544 1717 612 1742 me
634 1703 841 1742 malorum
865 1703 992 1742 turba
1014 1702 1202 1748 terrebit,
1227 1702 1291 1741 his
1313 1701 1453 1741 uerbis

184 1771 391 1810 utendum
427 1770 518 1810 erit.
591 1770 647 1809 ‘si
681 1774 829 1809 contra
863 1783 992 1808 unam
1022 1769 1256 1820 quamlibet
1286 1772 1453 1821 partem
1474 1784 1512 1817 25

185 1838 380 1877 fortunae
409 1837 512 1876 satis
541 1837 618 1876 tibi
648 1837 808 1876 roboris
837 1841 913 1882 est,
944 1836 1056 1875 idem
1087 1836 1287 1875 aduersus
1317 1835 1453 1875 omnis

185 1904 275 1943 erit.
335 1917 430 1943 cum
461 1905 587 1943 semel
619 1904 807 1942 animum
837 1903 974 1942 uirtus
1003 1902 1233 1948 indurauit,
1265 1902 1453 1953 undique

184 1971 529 2010 inuolnerabilein
567 1974 769 2022 praestat.
829 1970 862 2009 si
901 1970 1081 2008 auaritia
1117 1969 1290 2016 dimisit,
1328 1969 1473 2007 uehe?

183 2038 447 2077 mentissima
464 2038 624 2089 generis
642 2037 816 2076 humani
834 2037 977 2088 pestis,
997 2049 1160 2075 moram
1179 2036 1257 2074 tibi
1276 2035 1452 2074 ambitio

184 2118 266 2143 non
296 2105 451 2151 faciet;
481 2105 514 2143 si
543 2105 741 2143 ultimum
770 2104 880 2142 diem
910 2117 993 2142 non
1022 2103 1142 2154 quasi
1170 2115 1351 2154 poenam
1379 2102 1453 2141 sed
1473 2122 1514 2153 30

339 2187 378 2213 23
406 2182 512 2214 abest
529 2182 628 2214 Gertz
720 2185 759 2214 28
784 2185 821 2214 te
836 2185 915 2224 post
933 2181 1092 2213 auaritia
1108 2182 1187 2213 add.
1206 2180 1304 2212 Gertz
