1623 2444
214 100 262 133 88
737 97 897 134 §hNE
904 98 975 134 CA

212 208 393 252 defendi,
417 208 588 246 alterius
613 207 700 245 otio
726 206 819 245 frui.
879 207 1104 246 certabunt
1130 207 1171 245 in
1198 212 1240 245 te
1260 207 1417 253 officiis,
1440 210 1481 245 et

213 275 337 313 unius
354 274 605 313 desiderium
622 274 802 312 duorum
822 273 983 325 pietate
1002 274 1280 325 supplebitur.
1329 274 1481 312 audac-

214 346 278 380 ter
320 354 491 393 possum
537 341 810 392 promittere:
873 340 975 379 nihil
1018 340 1096 379 tibi
1141 340 1271 379 deerit
1315 344 1482 392 praeter

170 422 193 454 4
214 421 448 448 numerum.
509 409 562 446 ab
587 407 651 446 his
676 408 729 446 ad
754 411 929 459 nepotes
953 420 1122 459 quoque
1147 407 1303 459 respice
1323 420 1330 446 :
1374 408 1482 446 Mar-

213 489 309 514 cum
351 474 674 513 blandissimum
717 487 907 526 puerum,
953 475 1007 513 ad
1049 474 1167 513 cuius
1209 478 1520 526 conspectums

213 543 329 581 nulla
366 546 507 593 potest
548 542 698 580 durare
737 541 940 587 tristitia;
997 541 1098 580 nihil
1137 546 1227 580 tam
1265 554 1480 593 magnum,

214 610 315 648 nihil
335 613 425 648 tam
445 622 588 647 recens
607 609 649 647 in
669 608 918 659 cuiusquam
938 612 1108 660 pectore
1127 608 1242 654 furit,
1264 608 1379 659 quod
1399 621 1482 647 non

169 690 187 727 5
213 676 490 715 circumfusus
506 675 573 714 ille
588 667 859 726 permulceat.
919 675 1037 714 0111115
1057 688 1141 714 11011
1160 675 1353 714 lacrimas
1374 675 1483 714 illius

213 743 404 782 hilaritas
440 743 711 794 supprimat?
752 742 870 781 cuius
906 755 990 781 non
1026 746 1294 782 contractum
1335 741 1483 782 sollici-

212 810 359 850 tudine
397 810 585 848 animum
622 809 730 848 illius
767 811 956 861 argutiae
992 809 1195 848 soluant?
1236 822 1363 861 quem
1400 822 1483 848 non
1507 823 1546 845 10

213 878 255 916 in
278 878 390 916 iocos
414 877 608 916 euocabit
638 876 709 914 illa
730 876 937 915 lasciuia?
975 889 1101 927 quem
1131 890 1215 915 non
1243 876 1286 915 in
1315 890 1358 915 se
1387 889 1484 915 0011-

213 948 350 984 1101101
372 948 412 983 01
435 944 616 982 abducet
638 943 816 982 infixum
835 943 1165 994 cogitationibus
1184 943 1255 982 illa
1273 943 1484 982 neminem

170 1012 192 1047 6
214 1012 418 1051 satiatura
478 1010 737 1061 garrulitas?
799 1010 898 1049 deos
954 1023 1038 1056 or0,
1097 1010 1316 1062 contingat
1373 1011 1485 1049 hunc

215 1079 367 1118 habere
409 1078 530 1117 nobis
571 1077 868 1129 superstitem!
929 1077 971 1115 in
1012 1090 1079 1116 me
1120 1077 1257 1116 omnis
1297 1078 1484 1116 fatorum

214 1145 441 1185 crudelitas
472 1145 631 1183 lassata
662 1144 895 1189 consistat;
945 1143 1153 1194 quidquid
1184 1144 1310 1183 matri
1343 1144 1485 1183 dolen·
1508 1163 1545 1197 15

214 1213 316 1251 dum
350 1212 444 1258 fuit,
479 1212 521 1250 in
554 1224 621 1250 me
654 1211 881 1257 transierit,
916 1210 1124 1262 quidquid
1159 1211 1291 1257 auiae,
1327 1211 1368 1250 111
1401 1224 1482 1250 me.

215 1280 361 1318 floreat
388 1278 549 1330 reliqua
573 1278 615 1317 in
641 1291 716 1317 suo
741 1282 857 1317 statu
884 1277 1038 1316 turba:
1082 1277 1184 1316 nihil
1209 1278 1261 1316 de
1285 1278 1482 1324 orbitate,

216 1347 318 1386 nihil
346 1346 396 1384 de
423 1345 667 1385 condicione
693 1358 785 1384 mea
814 1357 977 1396 querar,
1006 1344 1156 1383 fuerim
1185 1349 1354 1384 tantum
1382 1345 1484 1384 nihil

173 1428 191 1464 7
217 1414 397 1465 amplius
417 1413 624 1451 doliturae
643 1413 794 1451 domus
812 1411 1089 1464 piamentum.
1150 1416 1246 1451 tene
1265 1411 1308 1451 in
1326 1412 1484 1464 gremio

215 1481 299 1520 cito
332 1480 409 1519 tibi
442 1480 641 1518 daturam
673 1483 926 1531 pronepotes
957 1478 1232 1525 Nouatillam,
1266 1492 1395 1530 quam
1427 1479 1484 1518 sic
1505 1491 1547 1514 20

216 1548 258 1586 in
282 1561 349 1586 me
375 1547 688 1591 transtuleram,
716 1545 773 1585 sic
801 1546 904 1585 mihi
935 1545 1251 1596 adseripseram,
1278 1550 1325 1585 ut
1351 1546 1484 1597 possit

216 1614 363 1659 uideri,
385 1614 500 1665 quod
522 1626 589 1652 me
613 1613 766 1659 amisit,
788 1612 984 1664 quamuis
1006 1612 1123 1651 saluo
1138 1616 1272 1663 patre,
1294 1613 1456 1664 pupilla
1474 1625 1482 1659 ;

217 1683 325 1720 hanc
358 1685 399 1719 et
432 1694 507 1732 pro
540 1693 606 1719 me
639 1680 788 1732 dilige!
850 1678 1027 1718 abstulit
1060 1679 1116 1717 illi
1149 1692 1282 1730 nuper
1313 1680 1486 1719 fortuna

216 1752 424 1787 matrem:
470 1752 546 1786 tua
572 1751 713 1798 potest
742 1746 901 1785 efficere
929 1745 1077 1797 pietas,
1107 1750 1155 1784 ut
1184 1746 1413 1797 perdidisse
1441 1760 1483 1786 se

175 1818 196 1851 8
216 1820 396 1854 matrem
427 1814 567 1853 doleat
593 1818 777 1859 tantum,
810 1826 893 1851 non
920 1817 960 1852 et
983 1812 1152 1852 sentiat.
1212 1826 1323 1852 nunc
1347 1827 1484 1853 mores
1505 1830 1544 1862 25

217 1883 304 1921 eius
328 1894 545 1932 compone,
572 1894 684 1919 1111110
708 1881 870 1919 forma:
914 1880 1040 1919 altius
1064 1884 1291 1931 praecepta
1315 1880 1484 1919 descen-

217 1950 337 1994 dunt,
396 1961 505 1999 quae
562 1947 715 1986 teneris
771 1947 1058 1998 inprimuntur
1114 1946 1340 1986 aetatibus.
1399 1947 1484 1986 tuis

217 2017 437 2055 adsuescat
470 2015 743 2060 sermonibus,
778 2014 831 2052 ad
862 2018 984 2052 tuum
1016 2014 1200 2064 fingatur
1231 2013 1480 2052 arbitrium:

216 2083 398 2122 multum
446 2081 502 2119 illi
550 2081 683 2127 dabis,
733 2080 897 2119 etiamsi
944 2080 1046 2120 nihil
1102 2080 1264 2119 dederis
1317 2085 1485 2132 praeter

216 2149 468 2200 exemplum.
528 2149 606 2186 hoc
656 2147 733 2186 tibi
783 2152 873 2186 tam
924 2147 1122 2186 sollemne
1172 2146 1356 2185 officium
1406 2161 1483 2199 pro
1505 2166 1545 2198 30

237 2241 253 2267 7
283 2235 372 2267 furit
387 2234 496 2270 Gertz,
516 2233 627 2264 fuerit
644 2232 688 2269 A,
708 2232 881 2264 saeuierit
898 2233 940 2265 Ρ.
962 2233 1114 2264 Thomas
1177 2236 1215 2262 26
1241 2231 1347 2271 firma
1364 2233 1463 2266 Gertz
