1623 2444
192 82 241 117 90
706 70 945 108 SENECA

189 177 332 230 fugere
353 183 394 218 et
416 179 657 218 libertatern
680 180 812 218 dolori
834 193 909 219 suo
931 193 1130 231 quaerere
1150 192 1157 219 :
1197 184 1245 219 tu
1267 181 1321 219 ad
1342 180 1457 219 illam

190 248 245 291 te,
275 245 483 297 quidquid
510 246 773 298 cogitaueris,
804 247 973 293 confer;
1018 247 1106 286 siue
1134 260 1299 286 seruare
1327 247 1457 286 istum

190 312 385 351 habitum
411 313 525 352 uoles
550 314 637 352 siue
662 314 882 365 deponere,
910 318 1014 365 aput
1040 314 1154 353 illam
1179 314 1366 353 inuenies
1390 314 1457 353 uel

146 395 168 428 4
189 379 315 418 finem
333 379 487 419 doloris
504 380 567 419 tui
584 381 650 419 uel
668 380 879 419 comitem.
939 381 1011 419 sed
1028 381 1061 420 si
1078 381 1349 432 prudentiam
1366 394 1457 432 per-

190 445 443 485 fectissimae
472 447 654 485 feminae
684 447 795 493 noui,
828 460 912 486 non
941 448 1130 499 patietur
1159 452 1201 486 te
1231 448 1333 486 nihil
1363 461 1457 499 pro-
1478 467 1494 501 5

190 512 333 552 futuro
349 527 537 552 maerore
553 514 755 560 consumi,
775 518 816 553 et
833 515 1073 566 exemplum
1089 514 1167 553 tibi
1185 528 1321 560 suum,
1339 515 1457 553 cuius

189 592 264 630 ego
287 580 415 619 etiam
438 585 653 632 spectator
674 581 747 627 fui,
773 581 974 620 narrabit.
1034 581 1295 620 carissimum
1318 581 1457 620 uirum

190 646 400 693 amiserat,
442 648 700 687 auunculum
743 652 935 687 nostrum
978 648 1044 687 cui
1083 649 1201 699 uirgo
1240 652 1454 700 nupserat,

188 713 230 752 in
252 713 344 765 ipsa
364 714 535 765 quidem
558 715 828 766 nauigatione
848 728 856 761 ;
895 715 993 754 tulit
1016 719 1160 754 tamen
1182 716 1329 754 eodem
1351 719 1457 754 tem-

188 793 289 831 pore
321 784 363 820 et
396 781 559 820 luctum
593 786 634 820 et
667 786 829 821 metum
864 782 1095 833 euictisque
1128 782 1457 833 tempestatibus
1481 798 1518 821 10

146 862 164 898 5
188 860 340 899 corpus
385 848 472 887 eius
516 849 722 900 naufraga
766 849 919 887 euexit.
984 862 1007 887 o
1051 862 1181 900 quam
1224 849 1456 888 multarum

188 915 352 966 egregia
373 928 500 966 opera
521 915 564 954 in
587 916 764 954 obscuro
786 915 924 954 iacent
945 916 951 955 l
1012 915 1045 954 si
1068 916 1164 954 huic
1187 916 1257 954 illa
1279 916 1457 967 simplex

189 982 447 1021 admirandis
476 982 709 1021 uirtutibus
739 982 982 1034 contigisset
1014 983 1261 1034 antiquitas,
1294 987 1456 1034 quanto

188 1048 449 1099 ingeniorum
474 1049 703 1088 certamine
727 1050 1007 1088 celebraretur
1030 1063 1149 1096 uxor,
1176 1062 1296 1100 quae,
1324 1049 1458 1088 oblita

189 1115 487 1162 inbecillitatis,
510 1116 644 1155 oblita
661 1117 879 1155 metuendi
899 1117 1028 1155 etiarn
1048 1116 1296 1155 firmissimis
1315 1116 1455 1162 maris,
1481 1128 1516 1161 15

188 1187 317 1234 caput
346 1196 470 1222 suum
498 1183 691 1234 periculis
719 1196 795 1234 pro
824 1183 1042 1235 sepultura
1077 1184 1244 1229 obiecit,
1276 1188 1317 1222 et
1354 1184 1457 1222 dum

188 1250 348 1301 cogitat
365 1250 415 1288 de
431 1250 509 1289 uiri
525 1251 682 1296 funere,
701 1250 803 1289 nihil
819 1250 870 1289 de
886 1263 961 1289 suo
976 1250 1119 1289 timuit
1141 1251 1146 1289 Ι
1208 1250 1458 1289 nobilitatur

189 1316 445 1356 carminibus
479 1317 681 1363 omnium,
718 1330 826 1368 quae
861 1330 903 1356 se
936 1330 1012 1368 pro
1046 1317 1221 1368 coniuge
1255 1317 1457 1356 uicariam

190 1383 334 1422 dedit:
382 1385 461 1423 hoc
491 1384 671 1436 amplius
701 1388 777 1430 est,
809 1384 1047 1423 discrimine
1076 1384 1190 1423 uitae
1220 1384 1457 1435 sepulcrum

190 1450 279 1489 uiro
296 1464 495 1502 quaerere
506 1463 514 1497 ;
540 1451 675 1490 maior
690 1454 753 1490 est
775 1464 904 1497 amor,
922 1451 995 1502 qui
1012 1451 1102 1502 pari
1118 1450 1302 1502 periculo
1318 1451 1458 1490 minus
1479 1465 1520 1487 20

146 1520 167 1555 6
190 1517 370 1556 redimit.
430 1522 526 1570 post
556 1519 634 1557 hoc
663 1531 786 1556 nemo
814 1518 1002 1564 miretur,
1033 1518 1148 1569 quod
1175 1531 1249 1569 per
1277 1518 1457 1557 sedecim

189 1597 334 1630 annos,
388 1585 542 1636 quibus
593 1585 836 1636 Aegyptum
887 1585 1065 1624 maritus
1117 1585 1204 1623 eius
1255 1584 1455 1636 optinuit,

189 1664 423 1702 numquam
460 1652 501 1690 in
537 1652 706 1703 publico
742 1655 968 1703 conspecta
1003 1656 1079 1697 est,
1117 1651 1328 1690 neminem
1363 1665 1458 1703 pro-

188 1718 411 1757 uincialem
441 1719 616 1758 domum
645 1732 765 1758 suam
796 1719 979 1763 admisit,
1012 1718 1114 1757 nihil
1145 1732 1169 1757 a
1198 1718 1288 1757 uiro
1317 1718 1456 1770 petiit,

190 1785 292 1824 nihil
317 1799 342 1824 a
365 1799 407 1824 se
431 1786 519 1837 peti
542 1799 668 1837 passa
691 1790 767 1824 est.
827 1785 971 1836 itaque
995 1785 1152 1836 loquax
1177 1789 1219 1824 et
1243 1785 1285 1824 in
1310 1790 1458 1825 contu-
1479 1801 1518 1835 25

189 1852 335 1891 melias
353 1853 664 1904 praefectorum
682 1852 897 1903 ingeniosa
915 1852 1144 1903 prouincia,
1165 1852 1207 1890 in
1225 1865 1311 1903 qua
1329 1852 1458 1891 etiam

190 1918 262 1970 qui
307 1919 554 1958 uitauerunt
599 1919 767 1970 culpam
812 1932 896 1958 non
941 1919 1176 1970 effugerunt
1223 1918 1456 1966 infamiam,
1500 1954 1501 1957 ,

190 1986 306 2025 1161111
327 1986 498 2025 unicum
519 1986 760 2025 sanctitatis
780 1986 1020 2037 exemplum
1041 1985 1243 2037 suspexit,
1266 1990 1320 2032 et,
1343 1987 1458 2037 quod

189 2052 246 2091 illi
267 2053 558 2092 difficillimum
578 2058 640 2092 est
660 2053 726 2092 cui
746 2053 875 2092 etiam
894 2052 1114 2104 periculosi
1139 2053 1245 2091 sales
1274 2053 1456 2104 placent,

257 2151 295 2178 16
320 2147 389 2178 uiri
404 2151 482 2188 post
497 2148 687 2189 sepultura
710 2148 789 2179 add.
807 2146 906 2177 Gertz
998 2150 1035 2177 21
1064 2146 1217 2177 miretur
1232 2146 1362 2188 scrz'psi
1382 2146 1457 2179 coll.

190 2199 311 2240 Polyb.
333 2201 371 2230 16
388 2202 404 2237 ξ
421 2208 461 2239 4:
489 2199 645 2230 miratur
662 2198 690 2228 Α
